4509 6209
454 689 503 763 64
842 683 947 754 feria
962 697 1095 782 quarta
1115 688 1162 757 ad
1182 687 1423 759 Matutinuni.

454 830 516 892 tur
532 815 571 889 z*
595 809 793 887 adve'rsum
817 835 878 885 me
898 837 1029 887 omnes
1049 837 1109 888 co·
1144 808 1313 891 Exalttire
1329 839 1441 913 super
1467 816 1581 893 coelos
1602 874 1611 909 ‚
1630 818 1752 896 Deus:
1772 824 1784 853 ‘

452 912 651 1015 gitatidnes
675 906 831 1003 einum,
851 912 890 985 in
915 911 1071 985 malum.
1142 929 1180 989 et
1195 915 1236 988 in
1252 940 1405 989 omnem
1423 928 1562 991 terram
1581 916 1700 1017 gliria
1721 932 1786 997 tua.

455 1009 724 1088 tnhabittbunt
760 1024 799 1083 et
834 1008 1066 1085 abscindent
1098 1040 1107 1084 ι
1147 1007 1337 1129 idqueum
1378 1009 1611 1113 paravdrunt
1647 1009 1789 1117 pddibtn

453 1115 469 1145 *
494 1114 564 1212 ipsi
591 1108 808 1184 eatctneum
826 1134 954 1183 meum
979 1109 1111 1185 obser-
1143 1138 1260 1187 men:
1282 1114 1298 1144 *
1331 1126 1370 1187 et
1402 1109 1699 1192 inctntnve'runt
1714 1112 1790 1193 tini·

451 1205 607 1288 vzibunt.
1026 1268 1031 1277 .
1143 1237 1246 1285 main
1272 1236 1410 1285 meam.

456 1313 560 1386 Sicut
629 1307 889 1384 sustinudrunt
943 1306 1109 1381 inimum
1146 1303 1334 1384 Foddrunt
1372 1323 1461 1384 ante
1506 1304 1644 1387 ficiem
1681 1338 1792 1391 meam

452 1435 603 1498 meam,
624 1435 692 1507 pro
718 1406 837 1481 nihilo
855 1407 975 1480 salvos
996 1407 1109 1481 ficies
1144 1408 1312 1484 idveam:
1332 1410 1347 1441 *
1364 1409 1633 1487 etincide'runt
1650 1414 1689 1487 in
1706 1438 1790 1489 enm.

451 1511 534 1585 illos
548 1538 556 1582 :
568 1509 628 1582 *in
641 1508 698 1583 ira
709 1505 865 1606 pdpuios
880 1505 1107 1604 confringes.
1148 1509 1319 1583 Panitum
1336 1533 1403 1582 cor
1421 1534 1549 1583 meum
1568 1567 1577 1602 ‚
1593 1514 1696 1587 Deus
1714 1571 1724 1605 ,
1741 1538 1793 1613 pa·

456 1613 576 1701 lteus,
596 1608 712 1681 vitam
744 1629 868 1679 meam
890 1605 1110 1678 annuntiati-i
1145 1602 1267 1682 mitum
1302 1633 1519 1682 cormeum
1547 1609 1593 1681 t*
1619 1612 1790 1703 canttbo,

453 1708 551 1782 tibi:
581 1706 595 1738 *
620 1705 774 1805 posuisti
800 1703 983 1803 laierymas
1008 1729 1111 1777 meas
1145 1722 1183 1781 et
1199 1707 1385 1806 psalmum
1403 1705 1543 1781 dicam.

454 1808 494 1881 in
507 1806 709 1905 conspe‘ctu
727 1819 805 1877 tuo.
1147 1804 1292 1902 Extirge
1339 1796 1458 1905 gldria
1499 1830 1620 1900 mea,
1665 1808 1794 1925 exninge

452 1907 557 1981 Sicut
574 1919 613 1981 et
629 1906 669 1978 in
695 1896 940 2002 promissidne
970 1915 1062 1974 tua:
1094 1903 1109 1932 *
1144 1904 1359 2005 psatttrium
1382 1917 1420 1977 et
1442 1902 1590 1981 cithara
1616 1936 1627 1983 ε
1653 1912 1672 1943 *
1695 1934 1791 1984 exin

452 2020 543 2079 tunc
560 2004 826 2079 convertdntur
860 1999 1002 2074 inimici
1036 2002 1110 2074 mei
1144 2030 1231 2106 gam
1260 2001 1438 2075 dihicuio.

454 2101 658 2178 retrdrsum
681 2130 690 2172 ε
1148 2099 1361 2177 (ionfitebor
1380 2101 1446 2177 tibi
1469 2105 1510 2178 in
1527 2103 1676 2205 pdpulis
1697 2164 1706 2195 ‚
1737 2109 1793 2181 nt

451 2207 490 2276 ln
521 2202 759 2301 quactimque
793 2199 854 2273 die
889 2198 1111 2273 invoctvero
1144 2204 1246 2275 mine
1263 2229 1271 2272 ε
1291 2204 1306 2232 '
1330 2215 1369 2274 et
1384 2202 1572 2299 psalmum
1589 2204 1717 2281 dicam
1736 2206 1789 2281 tibi
1827 2199 1828 2227 ³

452 2316 488 2375 te
521 2330 529 2374 :
566 2303 582 2332 *
614 2325 701 2375 ecce
740 2295 895 2399 cogndvi
932 2296 1110 2397 qudniam
1144 2301 1183 2374 in
1200 2297 1404 2400 gdntibus:
1827 2296 1828 2365 i

452 2403 551 2475 neus
564 2424 671 2475 meus
688 2424 739 2473 es.
1148 2399 1329 2492 Qudniam
1352 2394 1597 2499 magnificdta
1614 2417 1792 2503 estusque

458 2503 497 2572 ln
527 2501 607 2572 Deo
641 2496 805 2571 lauddbo
837 2494 1026 2583 verbum,
1071 2496 1110 2568 in
1144 2497 1192 2572 ad
1209 2498 1321 2572 coelos
1338 2497 1597 2573 misericdnlia
1622 2516 1691 2576 tua
1707 2561 1717 2595 ,
1735 2505 1793 2577 *et

451 2597 612 2671 litimino
641 2591 803 2670 lauddbo
821 2594 1032 2669 sermdnem
1060 2623 1068 2667 :
1097 2597 1110 2624 '
1144 2597 1329 2696 usquead
1347 2597 1464 2670 nubes
1480 2590 1618 2675 ve'ritas
1632 2615 1713 2675 tua.

455 2698 494 2771 in
528 2699 607 2770 Deo
646 2695 816 2794 speriti,
850 2719 927 2768 non
971 2688 1111 2768 timeto
1146 2689 1789 2794 Exalttioesupercoelos,Deus:*et

454 2795 676 2894 quidfdciat
691 2794 785 2869 mihi
803 2793 932 2867 homo.
1144 2820 1256 2895 super
1272 2819 1426 2868 omnem
1443 2810 1583 2871 tei-ram
1601 2798 1789 2899 gitirintut
1827 2854 1828 2883 2

455 2898 495 2968 in
510 2920 573 2969 me
589 2908 705 2985 sunt,
739 2896 862 2979 Deus,
882 2894 1111 2981 votatua,*
1147 2898 1239 2968 sina.
1285 2892 1469 2988 Qudniam
1502 2897 1544 2971 iu
1581 2910 1619 2973 te
1647 2896 1792 2973 confidit

453 3020 536 3092 quae
564 2991 748 3083 reddam,
768 2992 1000 3067 laudatidnes
1026 2989 1107 3063 tibi.
1144 2992 1273 3066 dnima
1289 3018 1388 3067 mea.

411 3140 415 3146 -
454 3091 642 3184 Qudniam
712 3090 878 3190 eripuisti
943 3090 1110 3163 inimam
1147 3094 1239 3167 Asta.
1259 3086 1553 3192 Justajudictte.

452 3217 576 3265 meam
594 3190 641 3265 de
664 3206 805 3282 morte,
826 3205 864 3263 et
879 3187 992 3287 pedes
1010 3215 1112 3263 meos
1349 3195 1514 3268 Psalnius
1542 3198 1601 3266 51.

452 3291 501 3365 de
523 3291 629 3390 lapsu
662 3319 671 3363 :
692 3294 707 3322 *
725 3305 768 3364 ut
797 3288 965 3388 pliceam
982 3312 1110 3361 corant
1203 3287 1462 3389 1vereiitique
1481 3289 1787 3391 justitinmloqui·

452 3391 585 3464 Deoia
601 3390 745 3464 himine
769 3380 986 3462 vive‘ntium.
1146 3304 1313 3476 Smini
1334 3390 1374 3461 z*
1391 3404 1493 3463 recta
1507 3385 1679 3489 judicdte
1698 3448 1708 3483 ,
1731 3390 1786 3465 filii

666 3490 828 3561 Psahnus
848 3493 907 3560 td.
1145 3483 1356 3561 himinum.

459 3606 469 3709 Ἰ
511 3626 521 3675 s
550 3614 691 3663 tsrnnnn
727 3588 818 3675 mei,
846 3587 969 3671 Deus,
997 3585 1113 3657 mise-
1147 3587 1292 3659 Etenim
1310 3581 1785 3689 incordeiniquittitesopt·
1822 3620 1828 3713 ᾗ

456 3605 550 3776 u
568 3689 651 3761 nire
678 3689 753 3761 mei
783 3688 831 3758 z*
860 3683 1037 3784 qudniam
1072 3685 1111 3757 in
1145 3684 1311 3758 rdmini:
1344 3686 1359 3716 *
1393 3685 1431 3757 in
1464 3699 1566 3759 tenna
1608 3688 1784 3787 injustitia

455 3802 490 3863 te
508 3785 670 3860 confidit
687 3786 815 3859 ainima
835 3810 931 3857 mea.
1145 3808 1280 3856 manus
1297 3798 1425 3858 vesttae
1442 3783 1686 3863 concinnant.
1826 3780 1828 3799 ¹

456 3891 501 3959 tlt
517 3887 555 3957 in
570 3883 707 3957 umbra
715 3885 859 3957 altinum
874 3877 1022 3956 tudrum
1037 3906 1112 3979 sp&
1148 3877 1304 3957 ,tlienztti
1321 3895 1409 3955 sunt
1425 3883 1639 3982 peccauires
1649 3886 1781 3969 avutn,

455 3984 589 4073 rdb0,*
606 3983 728 4056 donec
744 3980 1107 4079 tninseatiniquitas.
1145 3974 1366 4057 errave‘mnt
1382 3981 1431 4056 ab
1454 3984 1564 4060 [itero
1603 4012 1612 4057 τ
1647 3986 1662 4018 *
1691 3982 1781 4060 loct'tt

457 4081 636 4169 utamtho
655 4082 703 4155 ad
721 4084 841 4155 Deum
860 4080 1082 4154 altissimum
1101 4108 1108 4152 :
1145 4096 1233 4155 sunt
1248 4081 1357 4154 salsa.

1825 3826 1828 3895 i

455 4185 470 4210 *
487 4185 609 4256 Deum
636 4182 699 4280 qui
718 4173 904 4255 beneficit
929 4178 1036 4252 mihi.
1150 4187 1263 4255 Furor
1287 4179 1359 4253 illis
1388 4181 1596 4255 sectindum
1634 4175 1782 4257 similini·

455 4283 554 4357 ‚ttisit
574 4280 622 4355 de
639 4281 732 4355 coelo
747 4339 755 4369 ‚
773 4295 812 4355 et
828 4272 1000 4352 liberdvit
1017 4302 1078 4350 me
1101 4306 1109 4349 :
1145 4279 1273 4352 dinem
1290 4276 1474 4377 serpdntis
1494 4309 1502 4352 :
1519 4282 1535 4309 *
1551 4282 1652 4357 sicut
1667 4275 1780 4381 a'spttt

452 4384 467 4409 *
485 4381 592 4455 dedit
615 4382 655 4454 in
685 4379 930 4479 oppnibtium
963 4376 1111 4452 concul·
1144 4378 1290 4471 surdae,
1311 4392 1351 4452 et
1366 4371 1775 4455 obtura'ntisaumstm

451 4478 580 4554 cdntes
609 4506 684 4553 me.
1148 4489 1233 4572 ἐμω
1252 4503 1329 4550 non
1343 4471 1517 4551 exdudiet
1528 4503 1660 4553 vocem
1678 4480 1776 4553 inm

384 4590 388 4600 '
458 4580 665 4653 tlisitDeus
678 4574 973 4652 miset·ic‹ir‹liam
989 4600 1109 4657 suam,
1147 4574 1308 4650 ttintium
1326 4578 1359 4650 z*
1376 4590 1417 4648 et
1433 4571 1588 4653 vendfici
1612 4566 1773 4653 incantin·

452 4691 493 4751 et
505 4678 700 4753 verititem
717 4702 844 4768 suam,
873 4679 948 4749 *et
977 4673 1114 4772 eripuit
1148 4676 1193 4749 tis
1211 4676 1413 4774 sapidnter.

453 4771 622 4851 inimam
650 4802 776 4850 meam
803 4776 851 4849 de
867 4768 993 4848 mddio
1011 4788 1112 4847 catu·
1149 4781 1243 4849 neus
1259 4773 1428 4847 etinoeret
1443 4772 1576 4848 dentes
1608 4770 1771 4851 edmmit

452 4874 575 4949 lirum
588 4871 739 4949 lednum
757 4904 765 4948 :
785 4873 946 4949 dormivi
964 4886 1114 4947 contur·
1146 4900 1211 4947 ore
1239 4872 1404 4989 ipsdrnm
1443 4901 1452 4947 :
1484 4875 1499 4902 *
1517 4874 1638 4951 molon
1653 4874 1770 4951 letinm

455 4974 578 5049 bitus.
857 5040 866 5051 .
1146 4973 1358 5071 confringet
1370 4969 1565 5047 deinus.

453 5072 534 5149 Filii
547 5071 744 5147 himinum
762 5073 892 5147 dentes
908 5069 1038 5145 edium
1056 5096 1113 5144 ar·
1148 5071 1201 5146 td
1218 5071 1378 5145 nihilum
1391 5070 1593 5148 deve'nient
1608 5087 1770 5171 tamqutl

453 5198 517 5246 ma
533 5186 574 5247 et
588 5172 744 5273 sagittae,
757 5175 774 5202 '
787 5185 826 5246 et
841 5171 971 5272 lingua
982 5168 1112 5245 edrum
1147 5195 1245 5268 aqua
1269 5169 1472 5245 dectirrens
1491 5199 1500 5245 ε
1520 5174 1535 5201 *
1562 5166 1719 5247 inte'ndit
1736 5190 1773 5241 tt

451 5265 599 5374 glidius
619 5270 765 5346 uetitus.
1147 5293 1235 5342 cum
1261 5294 1371 5344 suum
1400 5270 1521 5345 donec
1548 5264 1771 5347 infirmentur.
