4509 6209
1064 657 1119 729 :td
1142 658 1300 729 Nonam.
1799 664 1846 736 37

548 801 591 870 ln
626 798 831 869 Dominicis
861 822 926 894 per
968 798 1154 881 Annum,
1190 807 1280 867 runt
1291 817 1353 866 me
1378 821 1386 867 ε
1412 794 1428 825 *
1451 789 1631 869 mandata
1647 808 1711 871 tua
1738 802 1852 875 medi·

502 899 592 969 lira.
611 886 782 963 Alleluia.
1190 890 1283 967 tatio
1297 917 1382 968 mea
1399 909 1467 969 est.

544 1000 588 1068 ln
607 995 727 1067 feriali
745 994 877 1067 Officio
898 1020 964 1091 per
983 994 1154 1075 lunum,
1204 991 1360 1087 ·l·'.quitas
1378 992 1588 1067 testimunia
1611 1007 1675 1069 tua
1691 996 1731 1067 in
1748 992 1850 1072 aete'r·

500 1098 589 1168 lna,
611 1084 745 1185 Aspice
761 1086 802 1158 in
818 1111 892 1161 me.
1190 1114 1283 1161 num
1308 1118 1316 1162 :
1339 1085 1599 1167 *intellrictum
1614 1093 1664 1167 da
1678 1095 1791 1187 milri,
1812 1111 1850 1171 et

730 1191 911 1265 Psalmus.
1189 1188 1326 1261 viram.
1402 1180 1410 1205 ⁸

593 1309 741 1359 malm
770 1284 982 1361 teatimtinia
1014 1301 1080 1364 tua
1109 1292 1157 1363 ε*
1242 1306 1391 1360 ῑΑκΑνι
1419 1288 1458 1360 in
1489 1303 1568 1363 toto
1600 1290 1714 1365 corde
1743 1317 1846 1381 meo,

609 1382 697 1457 ideo
709 1379 874 1458 scrutita
898 1401 955 1461 est
970 1410 1015 1463 ea
1030 1387 1159 1464 ainima
1194 1302 1406 1472 (tertiutli
1421 1412 1503 1479 me,
1523 1387 1682 1463 Dimine
1700 1419 1708 1463 :
1724 1391 1850 1491 *justi-

498 1508 598 1557 mea.
1192 1483 1383 1560 ficatji‘mes
1401 1499 1484 1561 tuas
1498 1487 1699 1586 requiram.

500 1579 714 1660 umbratio
754 1581 969 1657 sermt'mum
1008 1585 1159 1661 tutirum
1194 1579 1356 1657 (lamaivi
1381 1584 1431 1658 ad
1446 1599 1498 1678 te,
1519 1587 1662 1661 salvum
1681 1613 1742 1662 me
1759 1590 1848 1664 fac:

499 1680 690 1755 illuminat
718 1708 728 1752 τ
757 1681 774 1712 *
790 1695 829 1755 et
844 1677 1076 1759 intentorum
1093 1686 1160 1762 dat
1193 1681 1207 1711 *
1226 1697 1270 1756 ut
1281 1682 1489 1758 custidiam
1506 1683 1685 1759 mandata
1709 1701 1786 1761 tua.

499 1778 676 1880 parvulis.
1193 1784 1353 1855 Praeveni
1378 1783 1417 1855 in
1449 1778 1688 1876 maturitate,
1717 1801 1755 1861 el
1779 1788 1850 1860 cla-

499 1888 549 1957 tls
565 1904 697 1953 meum
714 1873 842 1977 ape'rui
857 1935 867 1970 ,
885 1894 926 1954 et
939 1880 1076 1957 attraxi
1093 1910 1110 1957 s
1137 1884 1161 1956 i·
1193 1874 1292 1955 maivi
1327 1910 1336 1954 ι
1365 1884 1381 1912 ”
1406 1884 1495 1980 quia
1511 1885 1552 1956 in
1569 1883 1684 1957 verba
1715 1899 1780 1959 tua
1797 1912 1850 1959 su·

498 1980 614 2052 ritum
636 2007 645 2051 :
664 1978 680 2009 *
693 1978 782 2078 quin
798 1974 980 2057 mandita
1005 1996 1068 2058 tua
1124 2009 1159 2058 e·
1193 1974 1415 2078 persperaivi.

498 2075 726 2151 ridet-ibam.
1196 2073 1455 2153 l'raeveniirunt
1471 2077 1566 2153 (iculi
1587 2081 1660 2155 mei
1679 2081 1727 2155 ad
1749 2095 1784 2155 te
1798 2083 1852 2156 di·

499 2178 632 2276 lspioe
650 2178 692 2251 in
708 2200 795 2265 me,
815 2189 855 2250 et
870 2174 1047 2253 misertim
1059 2180 1157 2272 mei,
1193 2175 1318 2252 luculo
1351 2207 1359 2250 :
1389 2181 1404 2210 *
1426 2193 1469 2252 ut
1485 2173 1689 2254 meditarer
1705 2180 1851 2280 eliquia

500 2274 752 2351 'secundum
779 2273 966 2372 judicium
1008 2273 1161 2380 ditigtn·
1193 2289 1271 2348 tua.

499 2377 593 2451 tium
606 2399 751 2449 nomen
769 2386 888 2447 tuum.
1201 2378 1336 2451 locem
1368 2400 1492 2449 meam
1526 2377 1612 2450 audi
1644 2375 1850 2453 secundum

499 2482 654 2553 Gressus
677 2497 783 2549 meos
807 2470 927 2574 dirige
951 2472 1159 2552 secundum
1194 2473 1485 2549 miseriorirdiam
1516 2488 1643 2567 tuam,
1664 2475 1848 2552 Diimine:

505 2572 693 2672 eliquium
710 2587 819 2647 tuum
850 2600 859 2644 ε
894 2573 910 2604 *
936 2588 974 2648 et
998 2599 1076 2649 non
1099 2577 1161 2650 do·
1193 2572 1272 2646 *et
1300 2571 1506 2647 secundum
1536 2572 1721 2673 judicium
1743 2591 1851 2651 tuum

509 2669 668 2747 mintitur
706 2672 781 2745 mei
804 2671 928 2744 omnis
963 2673 1156 2772 injustitia.
1193 2670 1339 2746 vivifica
1355 2697 1429 2746 me.

510 2764 664 2849 tte'dime
681 2795 784 2844 mea
812 2767 1009 2845 calumniis
1041 2773 1159 2847 hiimi·
1197 2763 1598 2869 lppropinquave'runt
1635 2769 1853 2873 persequin-

503 2892 595 2942 num
626 2874 666 2943 ε·
685 2884 729 2944 ut
747 2867 955 2943 cusnidiam
978 2873 1160 2947 mandrita
1194 2881 1249 2941 tes
1279 2894 1340 2942 me
1371 2868 1558 2968 iniquitati
1580 2901 1588 2943 :
1609 2871 1762 2972 *alege
1789 2898 1851 2947 au·

502 2981 578 3042 tua.
1195 2980 1270 3040 tem
1289 2982 1354 3041 tua
1370 2969 1480 3070 longe
1494 2970 1582 3043 facti
1595 2985 1695 3044 sunt.

500 3062 654 3144 ficiem
693 3079 798 3140 tuam
837 3063 1008 3142 illumina
1050 3093 1161 3167 super
1196 3071 1308 3167 l'rope
1328 3093 1367 3142 es
1393 3082 1455 3160 tu,
1474 3068 1632 3142 Dimine
1651 3099 1658 3142 :
1678 3070 1694 3101 *
1717 3084 1755 3144 et
1777 3096 1851 3144 orn·

499 3192 650 3242 serrum
669 3179 777 3240 tuum
798 3194 807 3239 :
830 3165 901 3241 *et
922 3166 1016 3241 doce
1033 3193 1094 3242 me
1105 3171 1162 3268 ju·
1194 3190 1260 3238 nes
1276 3167 1344 3240 riae
1363 3181 1434 3241 tuae
1447 3160 1594 3241 viritas.

500 3262 744 3341 stificatitnes
757 3279 851 3339 tuas.
1195 3264 1304 3337 lnitio
1347 3264 1502 3380 cogmivi
1541 3268 1588 3341 de
1631 3266 1852 3342 testimtiniis

500 3367 635 3440 llxitus
688 3358 872 3462 aqutirum
922 3359 1163 3440 deduxiirunt
1196 3363 1269 3436 tuis
1288 3392 1296 3435 :
1315 3365 1330 3394 *
1348 3389 1436 3463 quta
1459 3366 1499 3438 in
1524 3363 1705 3441 aete'rnum
1720 3366 1851 3440 funda·

500 3464 596 3539 ‹iculi
617 3463 692 3537 mei
713 3491 722 3536 ε
742 3465 757 3494 *
783 3463 872 3562 quia
887 3485 965 3537 non
982 3460 1163 3541 custodie'·
1194 3463 1240 3534 sti
1255 3487 1311 3534 ea.

501 3563 726 3663 runtlegem
744 3575 861 3636 tuam.
1200 3561 1290 3636 tide
1319 3554 1571 3636 humilitatem
1618 3587 1765 3653 meam,
1812 3578 1852 3636 et

500 3672 629 3737 ,Iustus
642 3685 705 3751 es,
723 3660 882 3736 Dtimine
903 3690 912 3734 z
932 3664 999 3736 *et
1016 3677 1161 3738 rectum
1195 3659 1297 3759 e'ripe
1327 3685 1388 3732 nte
1418 3661 1461 3731 z*
1479 3662 1567 3758 quia
1595 3661 1717 3761 legem
1747 3676 1852 3736 tuam

500 3760 688 3859 judicium
701 3775 820 3834 tuum.
1195 3784 1272 3832 non
1290 3784 1374 3832 sum
1393 3757 1544 3833 oblitus.

504 3857 689 3935 llandristi
727 3859 912 3958 justitiam
950 3858 1162 3936 testimiinia
1195 3855 1331 3930 ludica
1348 3856 1534 3955 judicium
1561 3883 1713 3951 meum,
1743 3875 1782 3935 et
1801 3857 1854 3936 re'·

503 3972 569 4031 tua
602 3989 611 4032 :
642 3958 656 3990 *
688 3970 727 4032 et
741 3952 936 4033 veritatem
968 3974 1073 4033 tuam
1106 3961 1160 4032 ni·
1194 3955 1296 4029 ‹lime
1313 3983 1374 4031 me
1403 3985 1411 4028 ε
1437 3959 1452 3988 *
1476 3971 1629 4057 propter
1661 3959 1851 4059 aliiquium

504 4059 588 4130 ntis.
1196 4069 1303 4128 tuum
1320 4055 1466 4130 virifica
1484 4081 1558 4130 me.
1630 4080 1633 4086 ·

501 4152 708 4233 t'abe'scere
726 4181 787 4230 me
808 4156 898 4231 fecit
911 4158 1010 4232 zelus
1027 4182 1159 4231 meus:
1200 4161 1373 4255 langen
1472 4154 1659 4229 catiiribus
1689 4157 1786 4231 salus
1807 4162 1850 4229 ε·

503 4261 517 4282 '
543 4258 632 4354 quia
648 4252 755 4329 obliti
779 4270 868 4330 sunt
883 4255 998 4330 verba
1015 4270 1080 4330 tua
1097 4257 1163 4329 ini·
1198 4256 1286 4352 quia
1297 4255 1389 4370 justi
1405 4254 1581 4329 reatiunes
1600 4269 1682 4327 tuas
1698 4281 1776 4328 non
1792 4282 1851 4330 ex·

502 4355 588 4429 mici
616 4357 705 4429 mei.
1194 4354 1415 4452 quisierunt.

508 4453 670 4554 lgnitum
697 4449 887 4550 eliiquium
918 4467 1025 4527 tuum
1050 4454 1160 4528 vehe·
1201 4451 1454 4527 lliserictirdiae
1474 4466 1546 4526 tuae
1563 4452 1708 4544 multae,
1731 4452 1852 4528 Diimi·

504 4545 650 4627 me'nter
676 4580 686 4625 z
714 4554 785 4627 *et
809 4577 935 4627 servus
966 4567 1051 4627 tuus
1075 4547 1162 4627 dilii-
1196 4576 1244 4624 ne
1266 4579 1274 4623 :
1295 4553 1309 4583 *
1327 4548 1727 4648 secriudumjudicium
1745 4567 1850 4627 tuum

504 4652 558 4725 xit
572 4651 680 4725 illud.
1193 4649 1339 4724 vivifica
1356 4676 1430 4724 me.

505 4750 811 4827 .-ldolesc‹intulus
826 4774 910 4824 sum
924 4765 1161 4851 eg0,etmn·
1197 4749 1301 4823 tlulti
1324 4750 1387 4846 qui
1407 4745 1683 4847 persequuntur¹
1706 4774 1794 4839 me,
1815 4766 1852 4826 et

506 4844 700 4949 te'mptus:
727 4849 1039 4948 *justificationes
1079 4864 1161 4926 tuas
1196 4847 1377 4922 tribulant
1401 4873 1463 4921 me
1497 4876 1505 4918 :
1539 4850 1554 4878 *
1582 4873 1605 4920 a
1633 4847 1852 4923 testinatiniis

505 4973 582 5025 non
607 4974 692 5024 sum
710 4948 859 5025 oblitus.
1197 4949 1269 5020 tuis
1294 4971 1370 5019 non
1396 4939 1592 5020 declinavi.

501 5047 656 5125 lustitia
689 5062 774 5138 tua,
815 5045 963 5145 justitia
990 5048 1032 5120 in
1059 5038 1161 5121 aete'r-
1197 5044 1279 5119 ridi
1305 5039 1613 5144 praevaricaintas,
1633 5059 1672 5120 et
1691 5042 1852 5125 tabesca-

503 5171 598 5220 num
615 5176 623 5219 :
639 5150 655 5178 *
671 5161 712 5221 et
726 5147 787 5222 lex
805 5160 870 5225 tua
885 5139 1034 5220 viritas.
1197 5143 1284 5218 bam
1318 5173 1326 5215 ε
1357 5146 1372 5175 *
1400 5145 1489 5243 quia
1517 5144 1664 5244 eliquia
1693 5161 1757 5222 tua
1775 5174 1850 5223 non

499 5243 715 5320 'tribunitio
744 5260 783 5322 et
811 5242 985 5347 angustia
1014 5235 1465 5332 invent-,custodiamur
1616 5332 1622 5342 .

561 5370 701 5419 rsrtvt.
1631 5348 1654 5416 lt
