4509 6209
454 699 554 798 xlviij
707 698 915 769 Commune
948 688 1180 761 Confessoris
1208 686 1416 761 Pontisreis.
1441 689 1483 759 ll.
1505 690 1602 761 boet.

456 850 570 928 tum,
615 858 693 909 non
721 831 1009 932 percussorem,
1038 851 1116 900 non
1151 827 1452 927 reprehensibile
1487 856 1496 903 :
1531 843 1572 904 ut
1589 830 1626 923 is,
1650 836 1718 935 quer

457 936 577 1035 turpis
601 934 696 1008 lucri
722 931 933 1031 copidum:
964 927 1029 1001 sed
1052 926 1117 1000 lio·
1151 928 1308 1002 advorso
1344 944 1433 1022 est,
1474 924 1649 1022 vereotur,
1674 936 1719 1011 affl

458 1032 651 1133 spitolem,
675 1032 901 1132 benignum,
935 1027 1114 1118 sobrium,
1151 1027 1298 1103 babens
1315 1028 1463 1103 malum
1480 1028 1599 1104 dicere
1613 1031 1718 1109 dem

452 1135 611 1230 justum,
630 1146 823 1222 sanctum,
843 1127 1114 1206 continontem.
1152 1138 1191 1217 rt»
1233 1122 1383 1203 Jura‘vit
1423 1130 1613 1221 Dominus,
1641 1147 1718 1209 etm

458 1224 876 1331 amplectontem'eum,
907 1227 971 1326 qui
989 1223 1118 1299 secon·
1153 1228 1353 1325 poenitebit
1381 1254 1473 1303 eum
1504 1258 1512 1303 :
1551 1230 1569 1267 *
1596 1232 1638 1302 'lu
1655 1256 1718 1306 ae

458 1331 552 1404 dum
591 1330 806 1404 doctrinam
844 1340 925 1418 est,
966 1318 1120 1398 fidolem
1154 1324 1287 1402 ce'rdos
1316 1329 1357 1401 in
1388 1330 1570 1405 aetornum
1597 1330 1716 1405 wniulvr

459 1431 674 1504 sermonem
706 1457 714 1500 ε
747 1442 791 1501 ut
824 1441 957 1525 potens
986 1426 1035 1499 sit
1064 1449 1122 1498 ex·
1155 1426 1329 1502 ordinem
1357 1428 1628 1505 Melchisedech.
1653 1432 1716 1505 rt

460 1530 606 1602 lrortori
638 1530 678 1601 in
713 1527 888 1600 doctrina
929 1549 1049 1616 sana,
1083 1540 1122 1599 et
1154 1526 1208 1600 xit
1252 1526 1437 1602 Dominus
1479 1531 1623 1604 Domino
1650 1554 1713 1603 na:

459 1654 541 1719 eos,
567 1629 632 1725 qui
666 1625 953 1715 contradicunt,
982 1622 1121 1724 argrie-
1154 1623 1249 1699 Sede
1283 1651 1305 1699 a
1335 1627 1480 1701 dextris
1509 1631 1603 1704 meis.
1618 1631 1665 1703 l'u.
1680 1630 1713 1703 til

460 1752 514 1800 re.
560 1727 656 1798 Sunt
703 1726 806 1799 euim
853 1724 962 1797 multi
1005 1721 1119 1798 otiam
1154 1726 1212 1797 ria
1239 1727 1356 1799 Patri.
1386 1728 1458 1800 Tu.

458 1817 737 1915 inobedientes,
761 1821 973 1921 vaniloqui,
1004 1837 1043 1897 et
1066 1848 1120 1897 se·
1264 1826 1303 1896 ln
1324 1824 1491 1896 seeundo
1508 1825 1667 1899 nocturn..

460 1924 658 2014 ductores3
679 1923 846 1996 maixime
876 1923 942 2021 qni
973 1922 1021 1996 de
1051 1925 1120 1996 cir·
1154 1921 1246 1993 nna.
1296 1924 1539 1999 Invocontem
1575 1924 1711 2000 exantlo

461 2021 690 2096 cumcisionc
716 2035 819 2114 sunt,
853 2046 948 2119 quos
973 2023 1122 2120 oportet
1154 2020 1338 2096 Dominus
1366 2024 1547 2097 Sanctum
1576 2023 1711 2115 suumli

462 2116 638 2221 redorgui
683 2147 691 2192 ε
733 2122 797 2220 qui
828 2118 1021 2195 univorsos
1049 2121 1123 2194 do-
1154 2119 1280 2194 minus
1304 2123 1498 2197 exaudivit
1518 2149 1610 2216 eum,
1635 2137 1711 2197 aas

460 2244 542 2292 mos
576 2216 817 2311 subvortunt,
845 2219 1023 2294 docontes
1040 2246 1123 2320 quae
1154 2217 1277 2295 stituit
1296 2245 1386 2295 eum
1416 2223 1456 2295 in
1486 2248 1583 2322 pace.

458 2343 537 2390 non
551 2321 717 2418 oportet,
738 2320 857 2418 turpis
873 2320 967 2393 lucri
986 2315 1119 2421 grotia.
1370 2321 1535 2394 Psalmus
1563 2326 1589 2395 l.

459 2433 497 2517 ις.
539 2420 637 2492 Ecce
654 2418 828 2493 sacerdos
857 2444 1038 2520 magnus,
1058 2423 1122 2520 qui
1227 2444 1274 2492 un
1289 2416 1524 2510 invocorem,
1542 2418 1711 2494 exaudivit!

462 2516 503 2588 in
543 2516 675 2592 diobus
698 2521 773 2592 suis
805 2511 1046 2617 plocuitlleo
1071 2523 1121 2592 z*
1244 2521 1344 2592 Deus
1372 2519 1525 2616 justitia}
1555 2515 1710 2593 mec:'l

461 2615 551 2688 ldeo
592 2615 843 2716 jurejurondo
891 2619 981 2692 lecit
1017 2619 1122 2692 illum
1158 2617 1399 2692 tribulatione
1427 2614 1584 2693 dilatosti
1609 2616 1678 2690 nihi.

461 2715 646 2790 Dominus
687 2715 856 2791 croseere
900 2718 940 2790 in
973 2717 1122 2817 plebem
1153 2710 1329 2791 illisere‘re
1352 2719 1448 2809 mei,
1479 2719 1494 2748 *
1512 2732 1548 2792 et
1573 2712 1710 2792 exoudat

460 2837 583 2886 suam.
616 2820 652 2897 v.
693 2816 1002 2890 Benedictionem
1037 2819 1123 2891 om·
1155 2815 1297 2890 tionem
1323 2842 1464 2890 meam.

465 2913 571 2985 nium
619 2915 790 3016 gontium
821 2915 928 2990 dedit
969 2917 1048 3009 illi,
1085 2932 1123 2992 et
1151 2915 1236 2987 Filii
1263 2914 1483 3008 hominum,
1514 2914 1667 3016 usquequo

461 3015 732 3088 testame'ntum
755 3040 866 3088 suum
885 3011 1123 3091 confirmovit
1154 3013 1190 3085 vi
1240 3015 1391 3090 corde?
1435 3019 1451 3049 *
1484 3015 1606 3115 utquid
1736 3028 1737 3039 ’

460 3136 573 3209 super
596 3129 710 3213 caput
726 3114 818 3211 ejus.
847 3115 946 3188 ldeo.
974 3117 1112 3191 Benetl,
1153 3114 1381 3208 vanititem,
1414 3132 1454 3192 et
1477 3117 1622 3215 quaeritis

464 3210 623 3308 Spiritus
655 3215 775 3287 sancti
798 3215 931 3315 grotia.
1154 3214 1277 3285 cium?

584 3316 711 3388 lectio
746 3318 797 3415 iij.
835 3318 922 3411 Cap.
957 3318 992 3384 2.
1149 3316 1197 3385 Et
1222 3312 1352 3388 scitote
1386 3315 1560 3416 quoniam
1589 3300 1706 3425 miriltltl
1735 3296 1738 3336 ¹

537 3436 558 3482 u
590 3425 717 3484 antem
756 3412 908 3509 loquere
936 3439 1017 3510 quae
1050 3413 1120 3486 ‹le-
1154 3413 1334 3486 Dominus
1375 3431 1545 3490 sanctum
1591 3430 1687 3485 suun:
1736 3426 1737 3434 ’

460 3429 525 3595 Τ
568 3525 656 3583 cent
698 3536 829 3583 sanam
858 3510 1068 3583 doctrinam
1108 3542 1115 3584 :
1152 3512 1335 3586 Dominus
1374 3516 1548 3588 exaudiet
1576 3536 1642 3591 me,
1670 3519 1737 3601 1¹¹

458 3615 574 3685 Senes
606 3624 648 3682 ut
683 3611 794 3682 sobrii
831 3611 926 3697 sint,
966 3611 1114 3707 pudici,
1151 3607 1362 3685 clamovero
1393 3614 1564 3687 adeum.
1734 3610 1738 3701 f

458 3709 684 3808 prudonteS,
718 3709 798 3781 sani
819 3709 858 3779 in
885 3709 976 3799 fide,
998 3712 1037 3782 in
1063 3711 1115 3782 di·
1148 3711 1380 3800 irascimini,
1408 3727 1447 3786 et
1479 3712 1586 3786 nolite
1605 3700 1704 3807 patr·
1734 3705 1737 3731 ⁴

457 3809 643 3898 lectione,
685 3810 724 3878 in
755 3807 936 3977 pationtia
974 3837 982 3879 :
1014 3807 1116 3882 Anus
1149 3810 1163 3839 *
1191 3835 1273 3907 quae
1304 3812 1428 3886 dicitis
1461 3814 1500 3884 in
1538 3806 1667 3884 cordibu
1734 3822 1737 3830 '

456 3909 629 3980 similiter
647 3908 684 3977 in
709 3903 841 3980 hoiitu
868 3921 1016 3999 sancta,
1038 3935 1114 3981 non
1149 3911 1249 3999 stris,
1288 3911 1326 3982 in
1358 3906 1703 3985 cubilibusvesur‘so*
1732 3983 1735 3991 ,

456 4006 747 4097 criminatriceS,
769 4030 845 4077 non
873 4007 992 4079 multo
1027 4010 1114 4081 vino
1148 4008 1374 4107 pungimini.
1667 4090 1686 4111 μ
1732 4000 1737 4026 ¹

455 4105 676 4195 servientes,
709 4106 806 4178 bene
837 4104 1046 4178 docontes:
1073 4122 1115 4180 ut
1144 4101 1365 4182 Sacrificote
1394 4102 1656 4200 sacrificiumjtt
1732 4104 1737 4126 ⁵

455 4197 698 4301 prudontiam
722 4205 885 4277 doceant
901 4198 1113 4278 adolescon·
1146 4219 1188 4277 et
1211 4201 1358 4305 speraitc
1384 4208 1424 4279 in
1454 4202 1643 4282 Domino'
1691 4282 1697 4295 ‚

458 4305 581 4393 tulaS,
617 4318 660 4376 ut
697 4306 798 4377 viros
832 4329 916 4376 suos
951 4318 1110 4396 ament,
1146 4304 1278 4378 dicunt
1315 4336 1324 4379 ε
1362 4307 1454 4401 Quis
1489 4302 1628 4381 ostondt

454 4403 554 4473 filios
580 4427 665 4473 suos
693 4403 873 4503 diligant,
908 4395 1112 4501 prudontcs
1146 4402 1272 4475 bona?

455 4515 590 4587 castas,
620 4500 779 4592 sobrias,
815 4502 950 4574 domus
981 4527 1111 4574 curam
1143 4496 1344 4602 Signotum
1387 4518 1446 4577 est
1486 4527 1586 4604 super
1618 4513 1661 4566 ¹1⁰⁵

453 4596 662 4690 babentes,
701 4599 911 4700 benignas,
945 4600 1112 4675 sobditas
1146 4626 1234 4673 men
1281 4603 1406 4676 vultus
1443 4606 1517 4688 tui,
1547 4594 1682 4676 nomine:
1731 4672 1737 4691 ‚

452 4698 542 4768 viris
568 4699 660 4788 suis,
698 4713 740 4772 ut
774 4725 851 4772 non
881 4700 1112 4798 blasphemo
1145 4700 1281 4773 dedisti
1312 4701 1481 4775 laetitiam
1507 4704 1542 4775 in
1558 4692 1698 4804 couleti*
1731 4704 1736 4793 ζ

453 4807 514 4863 tur
547 4796 703 4868 verbum
747 4801 826 4872 Dei.
864 4801 1027 4873 Jrivenes
1067 4803 1111 4873 si·
1144 4801 1172 4871 ll
1226 4803 1356 4874 fructu
1394 4803 1586 4877 frumonti,
1613 4810 1670 4860 nn.
1731 4806 1737 4893 ᾗ

453 4892 591 4964 militer
612 4891 764 4970 horta're
797 4914 840 4970 ut
870 4898 984 4971 sobrii
1019 4902 1106 4972 sint.
1145 4899 1217 4972 olci
1257 4900 1313 4972 sui
1344 4929 1352 4972 :
1390 4903 1406 4930 *
1432 4880 1698 4999 multiplica'lltd
1730 4970 1737 4997 ,

453 4992 493 5060 lu
546 4994 719 5067 omnibus
770 4998 931 5096 teipsum
986 4999 1110 5096 prvcbc
1142 5002 1186 5070 ln
1205 5023 1297 5097 paee
1324 5000 1364 5072 in
1383 4981 1737 5098 idipsum*do¹11l⁸·'

452 5086 664 5188 extimplum
695 5094 882 5169 bonorum
919 5099 1105 5195 opernm,
1144 5112 1183 5171 ct
1217 5099 1450 5196 requie'scam
1481 5128 1489 5171 :
1651 5180 1656 5194 Ι
1731 5146 1737 5213 t

453 5190 491 5259 iu
520 5189 708 5283 doctrina,
746 5197 785 5267 in
813 5193 1048 5297 integritote,
1070 5199 1107 5270 in
1139 5199 1332 5313 Quoniam
1368 5212 1429 5288 tu,
1465 5197 1616 5273 Domine.
1638 5184 1698 5267 W

452 5284 651 5387 gravitotc,
684 5294 842 5368 verbum
869 5323 1023 5389 sanum,
1046 5298 1110 5396 'ir-
1143 5297 1272 5371 lariter
1296 5297 1337 5371 in
1361 5321 1429 5398 spe
1449 5301 1464 5329 *
1481 5282 1694 5374 constitttlssl'⁵
