4509 6209
931 766 1125 838 Dominica
1153 768 1198 839 ad
1227 769 1466 842 Matutinum.
1828 779 1851 848 7

499 902 658 976 Deum?
684 904 700 934 *
730 902 825 978 dixit
850 906 952 978 enim
982 905 1023 978 in
1051 905 1164 981 corde
1199 908 1386 1008 numquid
1404 903 1583 984 irasce'tur
1606 936 1674 1011 per
1690 909 1856 1014 singulos

499 1027 572 1075 suo
595 1030 604 1074 :
623 1003 709 1076 Non
726 1001 903 1103 inquiret.
1197 1007 1304 1081 diest

501 1097 624 1174 Vides
650 1100 827 1200 qudniam
862 1117 903 1177 tu
930 1101 1096 1177 labdrem
1127 1118 1165 1177 et
1201 1104 1294 1177 Asia.
1313 1108 1370 1179 Tu
1388 1165 1397 1199 ,
1417 1105 1588 1182 Dimine.

503 1198 673 1273 doldrem
690 1200 902 1276 consideras
922 1231 931 1276 ι
947 1205 963 1235 *
979 1217 1023 1277 ut
1039 1204 1164 1277 tradas
1393 1204 1556 1278 Psalmus
1585 1210 1598 1275 t
1612 1211 1622 1276 1
1637 1265 1643 1275 .

502 1324 565 1372 eos
582 1301 624 1372 in
644 1325 778 1375 manus
796 1314 890 1375 tuas.
1200 1314 1369 1486 Suum
1387 1331 1448 1379 me
1465 1307 1540 1397 fac,
1561 1304 1745 1398 deine‚
1766 1306 1854 1406 qud·

503 1398 590 1472 Tibi
608 1399 806 1473 derelictus
819 1414 875 1474 est
887 1424 1029 1499 pauper
1049 1429 1058 1474 :
1078 1400 1093 1430 *
1111 1398 1164 1474 dr·
1267 1405 1369 1476 niam
1384 1397 1522 1479 defe'eit
1543 1420 1691 1479 sanctus
1710 1435 1718 1479 :
1738 1408 1753 1437 *
1768 1407 1855 1505 qud·

500 1496 633 1596 phano
645 1512 688 1571 tu
705 1499 777 1571 eris
790 1497 951 1598 adjutor.
1199 1501 1301 1574 niam
1319 1502 1514 1578 diminutae
1531 1519 1619 1578 sunt
1633 1499 1807 1579 verita'tes
1832 1531 1854 1579 a

503 1595 666 1670 (kintere
681 1593 880 1671 brichium
898 1595 1100 1696 peccatdris
1125 1612 1164 1672 et
1196 1598 1285 1673 tiliis
1297 1599 1509 1676 himinum.

499 1695 659 1797 maligni
689 1697 737 1769 z*
760 1689 948 1795 quaeretur
965 1691 1161 1795 peccdtum
1204 1698 1305 1772 iana
1337 1699 1451 1774 locuti
1481 1713 1570 1775 sunt
1602 1700 1857 1802 unusquisque

499 1795 601 1868 illius
620 1853 629 1887 ,
655 1808 694 1868 et
709 1820 787 1869 non
805 1792 1029 1870 invenietur.
1196 1799 1244 1871 ad
1261 1797 1473 1897 piisimum
1491 1825 1600 1873 suum
1623 1804 1661 1872 :*
1679 1799 1779 1874 labia
1792 1803 1857 1876 do·

502 1893 685 1967 ssdminus
702 1888 876 1996 regnaibit
903 1895 943 1967 in
959 1888 1159 1987 aetximum,
1196 1896 1297 1988 lina,
1329 1899 1370 1971 in
1401 1900 1513 1973 corde
1539 1912 1577 1973 et
1599 1899 1712 1974 eorde
1742 1898 1856 1977 locuti

498 2006 539 2066 et
563 1994 605 2065 in
623 1994 801 2067 saeculum
819 1993 943 2068 saeculi
960 2021 969 2066 :
989 1996 1003 2026 *
1027 1993 1162 2094 peribi·
1196 2011 1294 2069 sunt.

496 2094 545 2166 tis
558 2091 701 2166 Gentes
710 2093 758 2166 de
772 2106 873 2166 terra
884 2090 995 2166 illius.
1203 2087 1400 2194 Dispdrdat
1415 2095 1595 2170 deinus
1618 2090 1791 2171 unive'rsa
1807 2091 1858 2171 lai·

502 2183 735 2265 iiesiddsium
749 2186 958 2291 paiuperum
975 2189 1165 2266 exaudivit
1196 2193 1259 2266 bia
1272 2192 1420 2286 doldsa,
1441 2196 1456 2225 *
1475 2210 1513 2269 et
1530 2196 1699 2298 linguam
1717 2196 1859 2298 magni·

497 2289 708 2382 deinm3
727 2292 742 2323 *
761 2288 1070 2405 praeparatidnem
1088 2316 1165 2364 con
1197 2293 1361 2392 loquam.

499 2390 559 2462 dis
576 2386 707 2463 eduum
725 2388 869 2464 audivit
880 2391 980 2463 auris
997 2404 1075 2464 tua.
1205 2392 1272 2479 [tui
1323 2382 1499 2466 dixe'mnt
1532 2394 1755 2495 :Linguam
1792 2419 1856 2467 no·

506 2481 677 2562 iudicine
689 2488 833 2607 pupillo
855 2502 894 2562 et
909 2486 1043 2561 humili
1060 2546 1069 2578 ,
1089 2488 1165 2562 *ut
1197 2505 1312 2563 stram
1360 2516 1397 2564 m
1451 2488 1707 2585 nificdbimus,
1758 2487 1859 2566 libia

508 2612 588 2660 non
619 2600 781 2687 apponat
801 2587 900 2660 ultra
920 2580 1164 2689 magnificaire
1199 2605 1326 2663 nostra
1343 2615 1365 2662 a
1382 2517 1490 2664 niudis
1516 2605 1624 2684 sunt,
1651 2592 1767 2692 *quis
1793 2618 1859 2666 no·

507 2685 732 2760 sehomosu
783 2700 971 2760 uternam.
1198 2703 1273 2762 ster
1289 2687 1470 2762 deinus
1488 2691 1576 2763 est?

747 2782 885 2857 salmas
907 2790 965 2857 to.
1202 2789 1357 2886 Propter
1370 2785 1558 2861 miseriam
1573 2784 1728 2888 inopum
1747 2804 1785 2864 et
1801 2783 1859 2892 ge'·

511 2900 570 3064 ln
585 2884 748 2958 deino
772 2882 944 2977 confid03
976 2882 1165 2984 qudmodo
1198 2887 1333 2959 mitum
1374 2882 1555 2986 auperum
1584 2890 1599 2919 *
1623 2913 1725 2963 nunc
1753 2914 1859 2962 exur-

552 2982 679 3057 dicitis
707 2977 842 3058 a'nimae
864 2984 1013 3058 meat*
1030 2977 1165 3057 Trins·
1224 3010 1312 3076 am,
1360 2987 1424 3059 icit
1440 2985 1634 3060 Diminus.

502 3083 630 3184 migra
645 3082 686 3155 in
716 3097 884 3156 montem
902 3083 998 3157 sicut
1009 3083 1166 3182 passer?
1198 3013 1347 3158 i’onam
1378 3086 1417 3158 in
1441 3079 1593 3159 salutairi
1621 3087 1667 3159 z*
1684 3080 1861 3159 fiduciali·

505 3181 693 3269 Qudniam
710 3206 796 3255 ecce
813 3180 1024 3282 peecatdres
1045 3181 1166 3255 inten·
1201 3196 1259 3257 ter
1271 3209 1382 3284 agam
1401 3185 1441 3257 in
1459 3209 1516 3258 eo.

504 3273 648 3355 derunt
675 3305 822 3372 amum,
857 3274 1083 3380 pamvdrunt
1115 3306 1168 3354 sa·
1203 3281 1358 3382 Eldquia
1372 3282 1543 3374 nemini,
1564 3281 1711 3382 eliquia
1727 3297 1858 3356 easta:

505 3379 621 3481 gittas
646 3403 732 3452 suas
747 3380 787 3452 in
805 3375 1003 3478 phineus,
1024 3380 1040 3408 *
1056 3393 1100 3453 ut
1115 3404 1168 3452 sa·
1200 3384 1215 3413 *
1233 3375 1430 3482 arge'ntum
1461 3382 1548 3483 igne
1578 3376 1859 3472 examinaitum‚

533 3477 646 3553 'tteut
662 3475 873 3552 inobsciim
900 3493 1020 3553 rectos
1037 3478 1162 3552 corde.
1200 3474 1400 3578 probitum
1430 3494 1557 3572 terrae,
1577 3476 1779 3583 purgitum
1809 3475 1862 3556 se'·

506 3504 696 3670 {niniam
712 3603 793 3677 quae
811 3576 1012 3677 perfecisti,
1029 3577 1169 3651 destru·
1201 3579 1387 3678 ptuplnm.

508 3671 646 3751 xerunt
678 3703 688 3750 ε
717 3682 733 3709 *
758 3677 882 3775 justus
917 3691 1045 3750 autem
1076 3677 1167 3776 quid
1207 3682 1285 3768 Ὶύ,
1310 3677 1494 3768 Βόιηίηε,
1522 3671 1685 3751 sem'dbis
1712 3702 1805 3751 nos:
1826 3693 1863 3752 et

509 3777 627 3851 fecit?
1203 3775 1388 3850 custddies
1419 3802 1513 3849 nos:
1534 3778 1589 3849 *a
1621 3777 1863 3879 generatidne

510 3874 692 3949 deinus
707 3874 747 3946 in
764 3875 904 3973 templo
921 3887 1051 3947 sancto
1067 3899 1135 3948 suo
1157 3904 1165 3948 ε
1202 3876 1273 3949 hac
1290 3877 1329 3949 in
1347 3868 1542 3949 aete'rnum.

510 3976 525 4006 *
536 3973 718 4048 Diminus
729 3974 767 4045 in
778 3974 871 4047 coelo
889 3972 994 4048 sedes
1011 3973 1090 4072 ejus
1107 4002 1115 4047 :
1209 3980 1247 4049 tn
1262 3973 1416 4049 circuitu
1432 3973 1536 4090 impii
1551 3968 1747 4048 aimbulant
1764 4003 1772 4048 :
1789 3978 1864 4048 *se-

514 4073 618 4147 oculi
648 4074 727 4171 ejus
756 4073 795 4144 in
851 4067 1028 4171 iuperem
1057 4073 1168 4172 respi·
1201 4073 1368 4148 eundum
1387 4075 1623 4148 altitudinem
1646 4089 1749 4147 tuam
1767 4074 1862 4147 mul·

512 4174 613 4246 ciunt
640 4200 648 4244 :
682 4174 698 4204 *
715 4098 900 4272 palpeirae
918 4173 996 4272 ejus
1012 4165 1168 4245 intimo·
1203 4167 1375 4273 tiplicaisti
1392 4173 1495 4246 filios
1508 4172 1718 4246 himinum.

586 4270 712 4346 tiilios
729 4268 938 4345 himinum.
1151 4319 1157 4330 ·
1407 4272 1571 4344 Psalmus
1603 4278 1654 4341 1⁶2.

515 4373 517 4376 ’
544 4369 693 4445 dminus
726 4363 930 4471 intirmgat
956 4370 1100 4468 justum
1132 4382 1170 4441 et
1257 4385 1458 4462 t'stQno,
1477 4368 1651 4457 deine,
1672 4361 1861 4441 oblivisce<-

515 4467 670 4570 impium
690 4497 700 4543 ε
719 4469 735 4500 *
778 4469 815 4541 ui
830 4483 956 4542 autem
967 4468 1089 4568 diligit
1101 4469 1169 4541 ini·
1205 4387 1276 4556 [J
1303 4473 1352 4542 ris
1382 4495 1443 4543 me
1460 4471 1499 4541 in
1512 4470 1629 4541 finem
1651 4468 1668 4538 'i
1694 4468 1861 4565 *Usque-

517 4563 695 4667 quitaitem
709 4625 718 4660 ,
734 4495 815 4641 odit
827 4560 994 4641 ainimam
1008 4591 1128 4640 suam.
1228 4593 1278 4640 uo
1295 4561 1429 4641 avinis
1446 4561 1579 4641 ficiem
1598 4582 1701 4639 tuam
1725 4590 1747 4638 a
1767 4567 1861 4639 me?

518 4669 742 4766 Pluetsuper
758 4664 969 4764 peecatdres
984 4659 1167 4763 liquens:
1203 4594 1393 4755 (dudmdiu
1428 4692 1567 4765 ponam
1614 4664 1768 4739 consilia
1822 4666 1861 4737 in

516 4765 663 4870 *ignis,
697 4779 736 4840 et
751 4765 921 4863 sulphur,
957 4778 996 4838 et
1020 4762 1169 4863 spiritus
1203 4765 1332 4837 anima
1368 4790 1454 4839 mea
1509 4793 1517 4838 :
1549 4767 1565 4797 *
1610 4762 1777 4838 doldrem
1822 4765 1861 4837 in

514 4859 760 4964 proceiiairum
777 4889 864 4962 pars
881 4859 1005 4936 calicis
1022 4861 1165 4936 eduum.
1197 4864 1317 4953 ucorde
1330 4889 1415 4937 meo
1432 4889 1500 4964 per
1515 4864 1647 4938 diem?

518 4964 699 5058 Qudniam
707 4963 833 5081 justus
850 4961 1043 5054 Diminus,
1063 4975 1101 5036 et
1110 4963 1170 5060 ju·
1208 4967 1404 5061 usquequo
1433 4960 1657 5037 exaltibitur
1689 4959 1864 5035 inimicus

511 5063 628 5138 stitias
640 5064 772 5137 dilexit
787 5088 796 5135 :
812 5064 828 5094 *
845 5055 1059 5162 aequitaitem
1075 5062 1171 5135 vidit
1204 5087 1310 5134 meus
1340 5088 1451 5161 super
1473 5064 1563 5136 me?
1584 5063 1599 5094 *
1626 5053 1791 5159 rdspioe,
1825 5075 1863 5134 et

512 5164 635 5241 tultus
653 5164 747 5264 ejus.
1205 5154 1339 5234 exaiudi
1357 5186 1418 5234 me
1435 5218 1443 5251 ‚
1458 5160 1616 5235 deine
1628 5163 1727 5233 Deus
1740 5184 1859 5232 meus.

553 5267 625 5338 Pes·
653 5263 819 5353 Annum,
838 5260 1041 5333 AiiaDeus
1052 5258 1171 5357 judex
1208 5258 1380 5332 llhimina
1401 5259 1526 5333 doulos
1551 5285 1674 5349 meos,
1701 5283 1749 5331 ne
1783 5282 1866 5330 um·

508 5362 657 5462 justus,
692 5360 800 5438 fortis
832 5372 871 5435 et
908 5352 1168 5462 longanimis,
1206 5384 1320 5459 quam
1350 5357 1584 5432 obddrmiam
1612 5359 1651 5431 in
1675 5370 1796 5430 morte
1819 5385 1827 5429 :
1849 5360 1865 5390 *
