4509 6209
471 666 538 734 ¹72
888 670 1020 735 (letum
1044 669 1215 763 Corporis
1235 669 1385 738 Christi.

464 822 532 896 per
548 801 698 872 Patrem
724 826 733 871 :
761 814 799 877 et
822 824 895 898 quo
913 799 1028 875 modo
1055 826 1122 901 per
1157 812 1195 872 et
1208 801 1263 873 ait
1284 804 1325 870 2*
1350 797 1539 898 Accipite,
1556 812 1595 874 et
1608 797 1799 875 comodite:

463 899 613 971 Patrem
631 899 742 987 vivit,
762 898 896 973 eodem
917 899 1030 975 modo
1053 919 1122 977 nos
1157 898 1232 973 hoc
1249 912 1308 973 est
1325 923 1462 998 corpus
1480 922 1628 973 meum.
1643 900 1680 978 i.
1710 898 1802 974 nixo

466 1020 533 1094 per
550 1021 705 1071 carnem
723 997 803 1096 ejus
823 998 1007 1073 vivomus.
1158 1011 1249 1072 runt
1297 998 1368 1071 viri
1407 996 1649 1073 tebernoculi
1686 999 1756 1073 mei
1794 1025 1802 1072 ε

465 1106 519 1173 'l'e
540 1098 662 1171 Deum
688 1092 901 1173 laudomus.
924 1103 983 1173 ll.
1158 1097 1249 1191 Quis
1265 1097 1332 1173 det
1355 1095 1403 1170 de
1428 1096 1611 1173 cornibus
1642 1096 1747 1197 ejus,
1770 1110 1805 1173 ot

512 1202 566 1272 ,hl
609 1200 790 1297 Vesperas
827 1202 956 1271 omnia
999 1217 1042 1276 ut
1076 1203 1117 1271 in
1159 1197 1397 1272 sature'mur?
1416 1194 1598 1296 Accipite.

459 1301 622 1397 j.l·⁷esp.
652 1301 764 1371 Festi.
805 1297 888 1368 lte.
921 1302 1023 1375 Etsi
1049 1302 1122 1372 hac
1392 1300 1517 1370 Lectio
1537 1324 1571 1367 r.

467 1404 526 1472 ‹lie
557 1400 674 1471 luerit
696 1399 846 1471 festum
877 1401 1020 1497 Duplex
1043 1461 1053 1492 ,
1081 1403 1121 1472 in
1236 1419 1331 1482 ouuu
1345 1393 1436 1467 olim
1454 1394 1493 1467 in
1512 1394 1649 1468 vinum
1666 1393 1803 1471 eonve'r·

468 1503 574 1598 l'esp.
607 1496 652 1568 iit
670 1512 818 1569 tontum
843 1522 1046 1573 commem.
1075 1502 1121 1573 de
1255 1495 1304 1567 tit
1329 1494 1369 1565 iu
1387 1494 1493 1568 Cana
1510 1491 1674 1569 Galilteae
1694 1494 1801 1595 ,quod

465 1625 523 1679 eo,
537 1598 607 1670 nisi
625 1596 742 1668 fuerit
756 1622 798 1667 ex
814 1599 1117 1673 solemnioribus.
1160 1590 1277 1667 habet
1290 1592 1497 1690 quamdam
1515 1616 1607 1669 cum
1637 1593 1799 1695 ninguine

616 1687 757 1765 Fsslul
781 1689 973 1784 QUINTA.
1163 1692 1483 1790 propinquitotem
1522 1719 1532 1763 ε
1565 1706 1607 1767 et
1634 1716 1725 1767 eum
1745 1717 1798 1793 ps·

531 1797 671 1871 Octava
698 1796 875 1893 Corporis
902 1799 1052 1870 Christi.
1161 1816 1246 1863 rum
1284 1789 1443 1962 dipnum
1484 1786 1795 1882 exisfimdbimui,

520 1900 561 1967 ln
580 1898 612 1991 j.
642 1896 836 1968 Nocturno
863 1898 1056 1970 Lectiones
1081 1913 1122 1969 ut
1161 1890 1222 1964 cui
1252 1914 1315 1963 cre
1343 1891 1452 1964 omus
1483 1891 1587 1990 quod
1612 1892 1796 1967 vinumin
1832 1896 1833 1907 ’

471 2000 506 2065 io
535 1996 595 2067 die
612 1997 723 2067 Festi.
744 1993 828 2064 145.
1161 1988 1383 2090 singuinem
1418 1983 1721 2065 transmutiriti
1755 1989 1795 2065 ll

561 2097 602 2166 lu
628 2095 793 2166 secundo
818 2095 1023 2169 Nocturno.
1162 2111 1224 2161 eas
1263 2088 1445 2187 ntiptias,
1485 2089 1625 2189 quibus
1660 2090 1794 2187 corpote

471 2191 604 2267 Sermo
619 2192 739 2265 sancti
764 2188 922 2288 Cyrilli‚
950 2187 1125 2289 Episcopi
1162 2188 1422 2286 copul-intur,
1458 2188 1646 2277 vocotus,
1685 2202 1795 2288 preter

634 2287 953 2388 ierosolymitoni.
1163 2287 1380 2386 opinionem
1414 2287 1586 2361 omnium
1625 2286 1699 2362 hoc
1724 2288 1794 2363 istil

697 2395 824 2465 Lectio
850 2396 899 2466 iv.
1163 2385 1388 2461 miroculum
1406 2414 1416 2459 z
1442 2399 1482 2461 et
1506 2410 1586 2461 non
1603 2386 1724 2461 multo
1737 2410 1793 2461 me·

558 2487 749 2561 Catechesi
762 2491 973 2585 Mystagog.
1002 2488 1040 2559 li.
1163 2486 1220 2585 gis
1236 2484 1290 2559 sic
1320 2509 1409 2559 eum
1438 2509 1575 2606 corpus
1600 2499 1640 2561 et
1672 2484 1793 2587 singui-

514 2611 575 2663 PSA
598 2586 699 2662 beiti
726 2585 830 2659 Pauli
860 2582 1036 2660 doctriua
1057 2583 1130 2659 ab·
1164 2609 1253 2661 nem
1284 2609 1396 2659 suum
1424 2583 1590 2659 fruenda
1619 2583 1727 2659 nobis
1746 2582 1791 2659 do

473 2602 515 2770 Ι
544 2685 646 2759 onde
671 2684 845 2759 sullicere
874 2682 1054 2773 vidotur‚
1087 2697 1132 2757 ut
1165 2685 1272 2759 uisse
1289 2683 1511 2783 persuosum
1527 2683 1696 2759 firmiter
1710 2681 1792 2758 hats

477 2799 621 2859 certam
638 2778 745 2859 vobis
762 2784 810 2858 de
836 2782 974 2859 divinis
991 2810 1029 2857 m
1056 2783 1132 2857 sto-
1164 2781 1317 2875 bimus,
1347 2797 1392 2857 ut
1416 2807 1461 2857 ea
1489 2807 1578 2856 cum
1605 2784 1709 2859 omni
1730 2806 1790 2859 ατ·

477 2883 542 2956 riis
558 2881 673 2957 iidem
691 2883 834 2972 ficiat,
860 2882 998 2983 quibus
1024 2809 1131 2982 digni
1166 2881 1327 2957 titodine
1344 2896 1540 2981 tamquam
1558 2883 1718 2982 corpusi
1753 2882 1791 2955 'u

477 2980 646 3074 re'dditi,
682 2983 960 3081 concorporei,
997 2996 1041 3057 ut
1078 2984 1132 3058 ita
1165 2995 1205 3055 et
1219 2983 1444 3082 singuinem
1467 2981 1699 3057 sumsimus?
1719 2907 1788 3057 hin

477 3080 628 3173 dicem,
649 3094 689 3158 et
703 3081 972 3183 consanguinei
995 3083 1132 3158 Christi
1166 3082 1206 3155 in
1226 3082 1350 3181 spe'cie
1367 3082 1475 3180 panis
1492 3078 1562 3155 dat
1594 3082 1704 3157 nobis
1728 3104 1789 3157 cot·

480 3182 574 3255 iacti
610 3181 710 3257 estis.
754 3183 834 3280 lpse
881 3182 984 3255 enim
1016 3182 1132 3256 modo
1193 3206 1261 3271 us,
1283 3195 1322 3256 et
1337 3181 1377 3253 in
1404 3181 1529 3279 spe‘cie
1551 3180 1631 3254 vini
1664 3181 1788 3256 deluo·

478 3278 685 3368 clamobat,
719 3280 821 3378 quod
851 3281 891 3354 in
917 3296 1028 3355 nocte
1057 3306 1133 3379 qua
1166 3208 1490 3382 hissinguinem:
1510 3293 1583 3371 ut,
1604 3305 1692 3354 cum
1712 3280 1787 3352 som·

479 3379 701 3454 tradebotur
716 3380 900 3454 Dominus
931 3395 1058 3454 noster
1072 3382 1132 3455 Je·
1167 3381 1313 3479 psoris,
1347 3392 1473 3478 gustes
1500 3403 1640 3478 corpus
1672 3392 1709 3453 et
1731 3376 1786 3451 sto

480 3504 543 3551 sus
560 3479 731 3553 Christus
754 3479 942 3579 accipiens
966 3504 1130 3578 panem,
1167 3480 1322 3579 guinem
1341 3478 1499 3569 Christi,
1515 3479 1638 3553 lactus
1655 3474 1786 3577 ejosden

481 3592 519 3650 et
541 3579 680 3678 grotias
707 3602 822 3676 agens
839 3636 847 3668 ‚
867 3579 984 3681 fregit
1012 3593 1051 3654 et
1070 3578 1133 3652 de·
1168 3579 1335 3676 corporis
1351 3591 1390 3652 et
1407 3578 1602 3677 souguinis
1618 3572 1785 3676 porticept·
1831 3620 1833 3627 .

481 3676 540 3750 dit
580 3677 773 3776 discipulis
815 3679 920 3768 suis,
964 3678 1092 3751 dicens
1122 3707 1130 3750 :
1168 3678 1228 3751 Sic
1259 3678 1362 3750 enim
1380 3673 1784 3759 efficimur-Chrisliieri,

481 3775 674 3874 Accipite,
696 3790 735 3851 et
765 3776 991 3852 mauducote
1024 3806 1032 3850 :
1063 3777 1135 3851 hoc
1168 3776 1242 3851 hoc
1273 3790 1354 3867 est,
1383 3776 1574 3850 Christum
1593 3777 1633 3850 in
1657 3769 1786 3873 corpori·

483 3889 690 3974 estcorpus
712 3900 854 3948 meum.
875 3879 924 3952 Et
948 3877 1136 3975 accipiens
1170 3876 1240 3950 bus
1256 3876 1393 3949 nostris
1419 3875 1608 3966 iere'ntes,
1638 3898 1720 3948 cum
1733 3894 1786 3945 ooo

484 3974 660 4065 cilicem,
688 3988 728 4049 et
752 3976 892 4074 grotias
946 4000 1052 4076 ,ens,
1074 3974 1137 4048 di·
1171 4001 1240 4074 pus
1258 3975 1338 4072 ejus
1352 3988 1390 4049 et
1406 3975 1629 4091 songuinem
1646 3975 1685 4047 in
1702 3992 1786 4047 mem·

483 4074 541 4146 xit
576 4101 585 4146 ε
614 4073 803 4174 Accipite,
833 4088 871 4149 et
895 4002 1013 4151 biolo
1039 4103 1048 4146 :
1074 4074 1137 4149 hic
1171 4075 1241 4148 bra
1266 4087 1395 4147 nostra
1419 4073 1622 4172 recipimus
1651 4100 1661 4145 ε
1686 4073 1732 4146 sic
1749 4090 1788 4143 se·

484 4185 541 4246 est
569 4173 722 4275 sanguis
753 4196 872 4246 meus.
894 4175 989 4248 Cum
1022 4174 1138 4273 igitur
1172 4171 1338 4248 condum
1351 4164 1506 4246 beritum
1518 4168 1789 4264 Petrum,diriot

486 4272 497 4344 i
525 4273 632 4347 sede
648 4297 746 4373 pane
763 4275 1065 4372 pronuntioverit
1093 4298 1138 4348 ac
1173 4273 1316 4347 natorae
1333 4273 1525 4346 consortes
1539 4267 1739 4346 roddimur.

486 4297 648 4448 dixerit:
668 4374 748 4447 Hoc
765 4384 821 4445 est
834 4396 970 4472 corpus
987 4398 1135 4446 meum:
1171 4391 1208 4475 ro.
1230 4372 1385 4470 Accopit
1399 4372 1421 4443 J
1423 4394 1507 4443 esus
1525 4368 1682 4444 cilicem
1697 4426 1706 4464 ,
1719 4376 1792 4477 poel·

486 4473 570 4568 quis
602 4471 759 4547 audobit
803 4470 980 4571 deinceps
1021 4470 1138 4544 ambi·
1173 4496 1287 4570 quam
1322 4469 1513 4559 coenovit,
1545 4467 1677 4544 dicens
1709 4495 1718 4541 ε
1746 4464 1792 4539 lltt

486 4570 607 4668 gere?
633 4573 790 4647 Etcum
817 4570 920 4644 idem
946 4574 1025 4671 ipse
1060 4585 1138 4645 tam
1173 4570 1269 4645 calix
1297 4594 1438 4642 novum
1476 4569 1737 4643 testamoutum
1757 4570 1795 4636 es

488 4669 745 4745 asseveronter
777 4671 915 4745 dixerit
952 4700 961 4745 ε
993 4671 1063 4744 llic
1083 4685 1140 4744 est
1174 4673 1213 4744 in
1241 4693 1327 4743 meo
1352 4668 1534 4768 singuine
1551 4694 1562 4741 ε
1581 4676 1600 4711 *
1624 4663 1796 4742 Hociioite

450 4818 470 4841 .
489 4770 642 4883 sanguis
680 4794 816 4862 meus,
850 4771 934 4868 quis
969 4794 1139 4869 unquam
1174 4771 1213 4843 in
1240 4793 1363 4842 meam
1409 4766 1794 4841 commemorationem·

490 4860 744 4960 dubitorerit,
764 4883 809 4945 ut
827 4870 930 4945 dicut
954 4894 1034 4946 nou
1060 4894 1142 4943 esse
1173 4878 1209 4952 l,
1232 4867 1415 4941 Memoria
1441 4890 1590 4939 memor
1605 4891 1693 4955 ero,
1710 4874 1796 4939 etu-

491 4965 571 5064 ejus
586 4963 844 5069 songuinem‘l
1175 4966 1301 5041 hoscet
1316 4967 1355 5039 in
1374 4989 1437 5039 me
1461 4965 1591 5038 inimo
1615 4990 1712 5040 mea.
1730 4962 1797 5036 lloc·

507 5078 528 5139 ¹.
572 5064 814 5151 Coenonlihus
854 5068 957 5158 illis,
998 5066 1142 5166 accopit
1406 5071 1530 5140 Lectio
1549 5070 1596 5170 vj.

490 5092 599 5245 iesus
614 5188 778 5265 mem,
806 5180 845 5241 et
859 5165 1076 5256 benedixit,
1096 5190 1143 5240 ac
1257 5187 1318 5241 uu
1354 5188 1442 5238 cum
1477 5161 1619 5237 ludaeis
1661 5161 1801 5238 comos

484 5262 621 5365 fregit,
640 5260 820 5365 deditque
840 5264 1030 5367 discipulis
1042 5265 1139 5359 suis,
1270 5262 1483 5354 disserens,
1502 5262 1581 5337 Nisi
1605 5260 1793 5339 mnndum·
