4509 6209
475 672 523 743 82
901 669 1002 738 Faria
1024 668 1151 762 ‹printa
1174 668 1220 738 ad
1239 665 1396 736 landos.

472 818 508 903 ις.
534 802 719 892 tutanda,
748 799 921 902 prospere
946 804 1125 905 procide,
1169 806 1251 895 Quis
1267 804 1372 877 novit
1389 793 1612 903 potestitem
1631 801 1695 874 ira
1720 812 1820 886 tua,

471 918 509 978 et
534 928 662 1005 regna.
1164 907 1236 978 *et
1253 929 1327 1002 prae
1345 901 1479 977 timore
1506 916 1571 975 tuo
1590 901 1688 974 iram
1720 912 1823 973 uram

646 1001 710 1075 AD
733 1001 928 1078 LAUDES.
1164 996 1436 1077 dinumerare?

525 1104 613 1173 tin.
635 1102 719 1175 Tibi
752 1102 820 1175 soli
855 1095 1021 1201 peccavi,
1049 1101 1130 1175 Do-
1171 1103 1363 1176 ttixteram
1392 1115 1496 1174 tuam
1514 1099 1567 1173 sic
1584 1112 1716 1172 notam
1737 1097 1822 1186 fac,

472 1203 573 1276 mine
589 1257 598 1292 ‚
614 1201 791 1275 miserare
812 1201 899 1274 mei.
933 1203 988 1270 Ps.
1018 1201 1128 1276 nise-
1165 1203 1236 1275 *et
1248 1199 1414 1274 eruditos
1435 1197 1550 1273 corde
1568 1197 1609 1270 in
1627 1196 1822 1297 sapiantia.

471 1302 554 1375 rare
580 1300 666 1373 mei.
688 1304 749 1374 48.
1170 1300 1426 1389 convortere,
1462 1298 1649 1387 Domine,
1686 1292 1826 1394 usquo·

477 1403 567 1472 ‚tna
586 1399 759 1473 Domine.
1166 1400 1265 1499 quo?
1279 1400 1293 1429 *
1307 1413 1346 1472 et
1358 1392 1604 1496 deprecabilis
1618 1408 1699 1470 esto
1716 1417 1826 1494 super

686 1499 850 1570 i’sainrns
870 1503 929 1566 ao.
1166 1524 1289 1572 servos
1308 1512 1403 1571 tuos.

555 1622 682 1686 onina,
720 1596 910 1696 refugium
938 1596 1062 1670 factus
1090 1621 1129 1670 es
1173 1598 1312 1697 tteploti
1328 1620 1457 1670 sumus
1473 1618 1586 1668 mane
1611 1591 1824 1667 misericor-

472 1610 703 1794 Dnobis:
724 1696 739 1725 *
765 1721 788 1769 a
816 1694 1057 1797 generatione
1088 1698 1127 1769 in
1166 1698 1229 1771 dia
1259 1712 1323 1771 tua
1351 1697 1395 1769 :*
1418 1707 1456 1768 et
1485 1685 1766 1782 exoluturum,
1787 1704 1822 1766 et

470 1795 763 1893 generationem.
1166 1789 1341 1871 delectati
1380 1819 1509 1869 sumus
1538 1792 1717 1865 omnibus
1744 1789 1821 1865 diti-

476 1890 692 1992 Priusquam
722 1908 869 1968 montes
888 1893 1045 1981 fierent,
1067 1907 1133 1967 aut
1165 1896 1236 1970 bus
1253 1893 1401 1969 nostris.

471 1991 700 2066 formare'tur
726 2008 854 2084 terra,
884 2008 923 2066 et
956 1992 1056 2065 orbis
1084 2019 1092 2065 :
1116 1993 1132 2022 *
1173 1992 1295 2069 taetati
1316 2016 1445 2067 sumus
1475 2016 1543 2091 pro
1561 1988 1721 2080 ditibus,
1740 1988 1818 2089 qui·

473 2115 497 2163 a
522 2091 656 2165 saeculo
685 2108 725 2167 et
746 2118 863 2192 usque
889 2093 931 2165 in
953 2091 1130 2167 saeculum
1166 2093 1235 2168 bus
1269 2118 1337 2166 nos
1370 2085 1575 2164 humiliasti
1609 2091 1660 2162 z*
1688 2089 1813 2180 annia,

473 2203 514 2263 tu
532 2214 571 2264 es
595 2193 708 2265 Deus.
1166 2193 1302 2293 quibus
1319 2188 1484 2265 vidimus
1503 2190 1618 2263 mala.

476 2278 686 2363 Neavirtas
705 2290 899 2364 hominem
917 2291 955 2363 in
975 2289 1133 2363 humili·
1174 2292 1320 2390 tte‘spice
1348 2291 1387 2363 in
1424 2313 1548 2362 servos
1574 2303 1687 2378 tuos,
1724 2300 1763 2360 et
1781 2287 1812 2362 in

473 2382 589 2463 tatem
620 2418 627 2461 :
654 2393 668 2421 *
698 2404 737 2464 et
770 2391 895 2464 dixisti
925 2418 933 2463 ε
966 2392 1134 2463 Conver-
1168 2392 1281 2491 opera
1292 2389 1455 2464 tua:*et
1469 2387 1589 2489 dirige
1605 2386 1708 2460 filios
1719 2386 1808 2460 eriri.

473 2485 625 2581 timini,
652 2489 723 2564 filii
748 2489 960 2562 hominum.
1175 2493 1215 2564 n
1228 2491 1276 2563 sit
1291 2489 1468 2587 splendor
1491 2486 1642 2560 Domini
1670 2485 1812 2559 Deino-

477 2587 658 2675 turoniam
677 2588 779 2663 mille
796 2589 988 2663 anniante
1006 2587 1134 2662 oculos
1168 2590 1233 2664 stri
1252 2614 1364 2687 super
1390 2614 1481 2677 nos,
1517 2600 1557 2659 et
1586 2586 1702 2683 opera
1741 2578 1810 2657 ma'·

480 2698 580 2776 tuos,
600 2690 615 2715 '
635 2700 828 2786 tamquam
846 2687 925 2761 dies
941 2686 1130 2778 bastarna,
1169 2713 1288 2762 nuum
1314 2680 1528 2762 nostrarum
1560 2683 1681 2784 dirige
1717 2705 1811 2781 super

476 2808 559 2882 quae
576 2786 755 2882 praetariit
772 2812 784 2879 3
1169 2813 1259 2862 nos:
1282 2786 1298 2815 *
1315 2800 1354 2859 et
1370 2811 1463 2887 opus
1479 2776 1663 2859 manuum
1687 2780 1809 2857 nostri·

481 2887 524 2957 tt
541 2883 708 2958 cusutdia
724 2885 764 2958 in
782 2899 913 2975 nocte,
933 2884 950 2915 *
966 2910 1048 2983 quae
1066 2910 1134 2985 pro
1169 2913 1254 2960 rum
1273 2884 1392 2986 dirige

477 2981 596 3055 nihilo
637 2982 850 3076 habentur,
887 2983 1016 3059 eorum
1044 2985 1134 3057 anni
1182 2987 1267 3058 iria.
1282 2985 1469 3076 Domine,
1497 2979 1688 3088 refugium
1708 2980 1811 3056 factat

478 3094 602 3155 erunt.
1169 3082 1347 3160 esnobis.

484 3184 588 3256 tiana
637 3180 735 3256 sicut
783 3181 901 3257 herba
938 3176 1132 3272 transeat,
1186 3184 1321 3256 trialn
1338 3182 1532 3257 matutinis
1550 3178 1807 3254 meditaboria

478 3304 590 3354 mane
623 3281 785 3372 floreat,
819 3294 857 3356 et
890 3275 1055 3355 transeat
1081 3309 1090 3353 ε
1120 3283 1136 3313 *
1170 3296 1220 3358 te.
1242 3285 1300 3358 Ps.
1318 3286 1414 3358 lteus
1429 3285 1529 3356 Deus
1554 3304 1674 3355 meus.
1696 3280 1754 3354 to.

477 3380 629 3478 vaspere
643 3379 794 3456 de'cidat
809 3438 818 3473 ,
835 3378 987 3454 induret
1000 3394 1038 3454 et
1049 3381 1138 3454 arii-
1178 3384 1267 3453 tna.
1285 3383 1501 3458 Cante'mus.

478 3492 567 3551 scat.
1263 3485 1367 3555 (lant.
1387 3481 1514 3574 Moysi.
1533 3477 1663 3551 Exodi
1678 3481 1738 3551 15.

480 3577 797 3663 ttuiadefticimus
815 3577 854 3651 in
874 3579 929 3652 ira
948 3590 1013 3652 tua
1032 3635 1041 3670 ,
1061 3578 1077 3608 *
1099 3592 1138 3653 ot
1259 3606 1390 3655 mnus
1427 3578 1593 3654 Domino
1628 3605 1638 3649 ε
1670 3570 1813 3679 gloriioe

479 3676 518 3748 in
535 3677 664 3751 furore
682 3692 747 3752 tuo
766 3671 905 3752 turbati
923 3702 1063 3751 sumus.
1175 3591 1364 3760 Cenim
1406 3669 1671 3779 magnificatus
1702 3689 1782 3766 est,
1801 3673 1814 3702 ‘

483 3774 633 3850 t’osuisti
668 3777 883 3876 iniquitates
916 3791 1062 3851 nostras
1096 3779 1135 3852 in
1171 3805 1310 3879 equum
1335 3794 1373 3853 et
1389 3776 1622 3852 ascensorem
1638 3771 1815 3875 dejicitin

480 3875 681 3972 conspictu
706 3890 803 3948 tuo:
828 3877 843 3905 *
861 3876 1038 3949 saeculum
1064 3902 1137 3952 no-
1171 3904 1287 3952 mare.

482 3985 601 4044 strum
635 3974 675 4046 in
709 3973 980 4049 illuminatione
1012 3977 1136 4050 vultus
1175 3975 1364 4051 Fortitudo
1393 4000 1513 4066 maa,
1551 3988 1590 4049 et
1632 3973 1714 4048 laus
1744 3991 1819 4045 mea

480 4071 548 4143 tui.
1171 4077 1377 4166 Dominus,
1403 4076 1479 4150 *et
1505 4074 1631 4149 faetus
1658 4087 1714 4148 est
1737 4069 1820 4144 mihi

480 4167 809 4258 ttuoniamomnes
833 4170 912 4246 dies
929 4174 1045 4247 nostri
1066 4173 1138 4248 de·
1172 4175 1210 4249 in
1235 4174 1394 4249 saltitem
1423 4201 1432 4246 :

478 4268 652 4345 fece'runt
671 4299 680 4343 :
701 4272 716 4300 *
733 4285 773 4345 et
785 4272 826 4345 in
838 4273 894 4344 iro
908 4286 972 4346 tua
991 4271 1138 4347 deftci-
1176 4276 1238 4348 [ste
1254 4278 1353 4349 Deus
1371 4297 1476 4347 meus
1498 4329 1508 4364 ‚
1542 4285 1582 4346 et
1605 4263 1820 4373 gioriiieibo

481 4392 577 4443 nius.
1171 4400 1258 4447 eum
1281 4403 1289 4448 :
1309 4376 1322 4406 *
1341 4376 1440 4447 Deus
1457 4371 1573 4472 patris
1590 4371 1689 4461 mei,
1709 4382 1749 4445 et
1762 4391 1827 4443 aa·

431 4502 434 4512 ·
486 4466 580 4540 inni
600 4468 716 4542 nostri
734 4467 829 4542 sicut
851 4462 989 4544 aranea
1014 4470 1140 4544 medi·
1172 4467 1297 4547 oltabo
1323 4497 1424 4546 eum.

482 4564 720 4641 tabunturz*
750 4568 829 4642 dies
853 4571 1041 4642 annorum
1065 4596 1139 4643 no-
1177 4571 1356 4645 Dominus
1389 4569 1494 4670 quasi
1523 4567 1582 4641 vir
1612 4560 1830 4669 pugnitor‚

481 4666 644 4738 strorum
681 4667 719 4738 in
750 4668 867 4766 ipsis,
904 4668 1139 4770 septuaginta
1172 4671 1274 4744 omni
1303 4684 1408 4744 otens
1426 4691 1565 4742 nomen
1583 4666 1674 4765 ejus.
1696 4668 1712 4698 *
1737 4667 1833 4739 Cur·

480 4764 583 4837 anni·
1175 4795 1235 4842 rus
1250 4697 1455 4843 Pssaratinis
1472 4779 1512 4841 et
1526 4764 1735 4840 exorcitum
1757 4765 1837 4865 ejus

481 4861 517 4933 si
531 4874 659 4936 autern
676 4862 716 4935 in
740 4861 1011 4962 potentatibus,
1031 4882 1141 4942 octo-
1199 4869 1330 4967 rojacit
1353 4871 1395 4941 in
1431 4890 1536 4942 mare
1570 4890 1578 4938 ε

480 4958 586 5130 pinta
603 4961 737 5033 annit*
753 4977 792 5037 et
807 4959 967 5064 amplius
982 4967 1137 5059 eorum,
1174 4895 1289 5041 {iacti
1320 4965 1508 5068 principes
1540 4962 1621 5136 epus
1649 4960 1838 5038 submitti

497 5056 590 5131 abor
612 5072 650 5132 et
676 5056 795 5133 dolor.
1173 5080 1261 5141 sunt
1293 5067 1333 5140 in
1367 5069 1464 5140 mari
1494 5065 1553 5138 nu
1581 5087 1636 5136 ro.
1671 5063 1687 5092 *
1705 5061 1840 5142 thr&

481 5157 668 5245 Quoniam
699 5161 914 5258 supervanit
957 5190 1138 5239 mansue-
1174 5166 1402 5264 operuorunt
1428 5189 1520 5254 eos,
1554 5143 1841 5240 desoendtriut

482 5253 573 5331 nido
591 5285 598 5330 :
619 5259 634 5287 *
659 5270 698 5332 et
726 5260 984 5359 corripiamur.
1174 5265 1213 5338 in
1227 5263 1459 5364 profundum
1477 5260 1583 5361 quasi
1602 5259 1712 5360 lapis.
