4509 6209
455 655 526 726 422
860 650 959 721 l'eria
977 660 1075 720 sextu
1099 648 1145 718 ad
1168 648 1364 747 Vesperas.

454 795 583 887 culo,*
602 809 641 869 et
657 793 876 868 habitdvero
890 794 929 865 in
943 792 1118 866 extre'mis
1150 794 1201 861 Et
1215 789 1316 882 vide,
1333 790 1438 864 siria
1463 792 1674 909 iniquitdtis
1697 798 1733 870 in
1747 822 1795 874 me

454 892 595 967 muris:
1152 892 1305 962 est:*et
1316 888 1439 965 deduc
1456 916 1519 967 mc
1532 918 1575 966 tn
1589 895 1794 971 viaretdma.

456 993 603 1067 litenim
623 991 713 1066 illuc
730 1003 941 1066 manustuu
957 989 1118 1064 deddcet
1150 989 1243 1061 Anu.
1270 990 1447 1082 deine,
1474 990 1645 1090 probdsti
1672 1018 1745 1087 me,
1770 1012 1797 1071 et

454 1117 516 1166 me
546 1093 598 1165 ε*
633 1104 671 1164 et
704 1091 848 1165 tenebit
874 1114 937 1163 me
962 1088 1117 1164 de'xtera
1150 1086 1356 1188 cognovisti
1370 1112 1445 1162 me.

454 1207 532 1265 tua.
1089 1202 1106 1219 ·‘
1151 1187 1245 1259 elna.
1264 1184 1389 1261 Aviro
1406 1188 1548 1289 iniquo.

457 1296 503 1363 tit
519 1289 596 1362 dixi
618 1316 626 1362 ε
645 1289 814 1362 Fdrsitan
841 1287 1003 1361 tenebrae
1030 1312 1115 1361 con·
1348 1289 1512 1363 Psalmus
1532 1296 1617 1366 139.

455 1388 660 1462 culcdbunt
684 1412 746 1461 me
768 1415 775 1460 :
795 1389 811 1421 *
829 1400 867 1460 et
883 1411 959 1459 nux
985 1387 1117 1460 illumi·
1151 1399 1300 1566 Eune
1312 1408 1387 1477 me,
1402 1387 1578 1481 deine,
1594 1387 1647 1463 ab
1663 1389 1797 1468 bdmiue

455 1489 559 1562 mitio
576 1512 662 1560 mea
679 1488 717 1558 in
736 1486 877 1560 deliciis
890 1487 995 1559 meis.
1216 1519 1218 1522 ·
1240 1483 1341 1556 malo
1362 1486 1402 1556 :*
1420 1510 1444 1559 a
1467 1486 1549 1560 viro
1567 1488 1699 1589 iniquo
1713 1485 1796 1592 e'n'pe

455 1587 549 1679 Quia
578 1578 744 1660 te‘nebrae
763 1582 1115 1658 nonobscurabtin-
1149 1606 1223 1654 me.

456 1676 519 1760 tur
549 1710 573 1758 a
603 1699 661 1775 te‘,
682 1698 721 1759 et
736 1709 810 1756 nox
828 1684 924 1783 sicut
940 1682 1019 1757 dies
1036 1684 1116 1757 illu·
1154 1682 1226 1780 Qui
1239 1681 1502 1782 cogitaverunt
1531 1683 1747 1784 iniquitdtes
1768 1692 1796 1765 in

455 1784 662 1858 mindbitur
679 1786 717 1856 :·*
731 1783 827 1855 sicut
839 1774 1002 1858 tdnebrae
1015 1784 1113 1883 ejus,
1150 1779 1262 1853 corde
1283 1808 1292 1852 ε
1312 1781 1327 1815 *
1351 1794 1431 1855 tota
1455 1781 1517 1856 die
1534 1786 1797 1863 constituebant

454 1883 508 1956 ita
525 1897 564 1956 et
580 1883 709 1957 lumen
726 1882 817 1979 ejus.
1150 1879 1287 1977 praelia.

459 1984 555 2077 Quia
569 1996 612 2055 tu
626 1981 819 2082 possedisti
833 2005 940 2054 renes
957 2004 1060 2054 meos
1078 1982 1116 2053 z*
1154 1978 1345 2052 tlcuerunt
1359 1978 1506 2080 linguas
1522 2004 1612 2055 suas
1632 1986 1727 2060 sicut
1742 2010 1796 2061 su·

454 2083 646 2183 suscepisti
674 2104 748 2154 -me
774 2079 824 2153 de
853 2081 962 2153 sitem
988 2082 1117 2153 matris
1176 2077 1271 2150 tntis
1293 2106 1301 2150 :
1322 2080 1729 2182 *vene'numdspidum
1744 2084 1797 2159 sub

1172 2176 1180 2197 Ι

454 2204 560 2254 meae.
726 2229 729 2237 ·
1150 2102 1412 2251 lbbiisedmm.
1827 2240 1828 2251 ,

457 2278 676 2353 (Ionlitdbor
703 2278 771 2351 tibi
798 2279 886 2377 quia
903 2278 1118 2352 terribiliter
1156 2275 1304 2348 (Justddi
1321 2301 1407 2369 me,
1427 2277 1614 2371 deine,
1634 2281 1683 2356 de
1700 2308 1795 2357 manu
1826 2276 1829 2361 l

455 2378 719 2479 mugnilicdtus
756 2402 796 2451 es
842 2405 850 2449 :
882 2379 898 2413 *
932 2378 1118 2451 mirabilia
1151 2375 1356 2472 peccatdris
1388 2403 1396 2449 :
1429 2377 1444 2411 *
1475 2378 1581 2454 etab
1598 2379 1794 2457 hominibus
1826 2428 1828 2461 .

456 2478 571 2575 dpera
587 2491 665 2567 tua,
687 2491 724 2549 et
739 2478 867 2551 dnima
883 2501 968 2550 mca
982 2479 1117 2578 cognd·
1150 2472 1286 2571 iniquis
1303 2475 1405 2575 eripe
1419 2500 1493 2550 me.
1549 2524 1553 2534 ·
1826 2488 1828 2539 ἒ

453 2577 525 2649 scit
540 2577 666 2648 nimis.
1153 2573 1222 2665 Qui
1264 2575 1525 2674 cogitavdrunt
1573 2579 1795 2677 supplanttin
1827 2582 1828 2603 ¹

454 2678 538 2747 Non
557 2689 614 2748 cst
629 2674 857 2749 occuluitum
884 2698 925 2746 os
949 2699 1118 2749 meuma
1150 2695 1295 2770 gressus
1312 2698 1416 2747 meos
1450 2702 1458 2747 :
1491 2677 1506 2710 *
1535 2674 1795 2753 absconde'fflssl
1826 2656 1828 2765 l

455 2786 506 2863 te,
528 2774 629 2873 quod
646 2773 767 2846 fecisti
785 2773 823 2844 in
842 2773 988 2846 occulto
1019 2802 1026 2845 :
1050 2776 1118 2847 *et
1150 2769 1299 2868 supc'rbi
1316 2771 1493 2872 ldqueum
1511 2774 1610 2848 mibi
1628 2804 1637 2848 :
1826 2768 1828 2805 ¹

455 2871 665 2946 substdntia
695 2897 781 2945 mea
814 2873 854 2944 in
879 2872 1117 2945 inferitribus
1152 2872 1197 2942 Et
1238 2871 1349 2944 funes
1392 2872 1648 2948 extende'runt
1686 2876 1725 2949 in
1757 2875 1794 2949 li·

454 2984 573 3045 terrae.
1151 2992 1289 3064 queum
1312 2999 1321 3043 ε
1344 2970 1481 3068 *juxta
1505 2973 1579 3046 iter
1593 2974 1791 3049 scdndnlun

457 3068 720 3169 lmperlc'ctum
770 3094 897 3142 meum
943 3061 1118 3144 vide'runt
1150 3070 1355 3164 posuerunt
1371 3070 1477 3143 mibi.

454 3169 551 3242 dculi
568 3169 644 3258 tui,
665 3182 705 3241 et
732 3169 771 3239 in
795 3168 889 3240 libro
906 3182 968 3240 tuo
987 3194 1117 3243 omncs
1151 3167 1233 3238 llixi
1250 3169 1413 3241 deino
1435 3172 1557 3244 :Deus
1571 3196 1681 3247 meus
1696 3198 1732 3247 es
1743 3186 1790 3246 tu:
1826 3194 1828 3199 ·

452 3261 665 3341 scribe'ntur
686 3295 693 3338 :
714 3267 821 3340 *dics
833 3266 1112 3363 formabuntur,
1151 3265 1166 3298 *
1185 3266 1333 3358 exdudi,
1350 3268 1523 3362 deine,
1539 3295 1675 3345 vocem
1691 3272 1734 3345 de

452 3381 490 3440 et
507 3392 620 3441 nemo
638 3368 677 3438 in
696 3366 760 3438 eis.
1150 3367 1306 3438 cntiimis
1321 3391 1425 3439 meae.
1827 3452 1828 3469 χ

451 3465 545 3540 Mihi
575 3479 702 3538 autem
734 3465 846 3536 nimis
878 3465 1115 3539 bonorificdti
1149 3464 1329 3556 Dbmine,
1350 3467 1669 3558 Dbmine,virtus
1687 3468 1787 3543 sallitis

453 3579 541 3638 sunt
570 3565 681 3638 amici
708 3565 785 3654 tui,
820 3567 918 3637 Dens
940 3594 947 3636 :
969 3570 984 3599 *
1005 3566 1115 3638 nimis
1149 3586 1241 3635 meae
1260 3592 1267 3634 :
1284 3565 1298 3598 *
1316 3563 1550 3639 obumbrdsti
1568 3592 1682 3669 super
1701 3580 1785 3666 caput

453 3665 686 3736 conlortdtus
721 3678 777 3736 est
806 3663 1036 3762 principdtus
1060 3665 1115 3737 ed·
1148 3686 1274 3734 mcum
1289 3662 1328 3735 in
1346 3662 1407 3736 die
1422 3662 1536 3736 belli:

453 3788 552 3835 rum.
1149 3764 1204 3833 Ne
1223 3760 1348 3834 trudas
1375 3788 1456 3854 me,
1480 3764 1666 3857 deine‚
1683 3789 1703 3837 a
1718 3762 1784 3837 desi·

457 3859 709 3933 llinumerribo
736 3885 816 3950 eOS,
850 3874 888 3934 et
912 3862 1115 3959 superare·
1147 3856 1252 3932 derio
1270 3886 1356 3934 meo
1371 3863 1559 3960 peccatdri
1578 3893 1587 3937 ε
1603 3866 1619 3899 *
1634 3862 1780 3985 cogitari*

454 3983 545 4031 num
572 3958 951 4056 multiplicubtintur:
974 3961 990 3994 *
1008 3985 1113 4033 exur·
1147 3972 1237 4031 runt
1253 3973 1385 4033 contra
1401 3986 1483 4052 me,
1512 3987 1562 4036 ne
1575 3963 1778 4063 deretnqus

453 4058 555 4149 re'xi,
572 4072 611 4131 et
626 4056 750 4130 adbuc
767 4083 849 4130 sum
874 4073 1029 4139 tecum„
1146 4081 1228 4148 me,
1258 4083 1306 4131 ne
1333 4060 1432 4133 forte
1456 4062 1681 4137 exaltentur.

451 4157 491 4229 si
506 4156 699 4246 occideris,
715 4159 827 4247 Deus,
843 4159 1056 4254 peccatbres
1074 4159 1113 4229 ε*
1150 4162 1271 4253 (lnput
1299 4159 1475 4231 circuitus
1496 4162 1630 4234 ebrum
1652 4158 1776 4234 :⁸lubot

451 4257 522 4329 viri
535 4255 760 4355 sdnguinum
783 4254 967 4329 declim'tte
984 4281 1081 4329 ame
1103 4284 1110 4328 :
1147 4254 1333 4328 labidrum
1351 4258 1518 4357 ipsdrum
1532 4261 1678 4359 operiet
1688 4284 1748 4333 eos.

453 4356 548 4445 Quia
564 4354 686 4426 dicitis
703 4355 741 4426 in
755 4354 981 4454 cogitatibne
999 4383 1006 4426 :
1023 4359 1038 4389 *
1051 4353 1115 4429 Ac·
1151 4353 1292 4427 Cadent
1306 4380 1417 4454 super
1443 4381 1507 4431 eus
1535 4357 1730 4449 carbdnes,
1751 4354 1775 4427 in

452 4452 592 4552 cipient
603 4453 642 4525 in
658 4453 823 4526 vanitdte
836 4454 1002 4526 civitdtes
1016 4468 1111 4527 tuas.
1147 4453 1272 4552 ignem
1291 4453 1441 4552 dejicies
1455 4481 1519 4530 eos
1540 4484 1549 4529 τ
1566 4460 1583 4493 *
1595 4459 1636 4531 in
1653 4454 1776 4531 missit

455 4554 589 4625 bonne
603 4553 666 4650 qui
678 4553 840 4625 oderunt
857 4567 911 4643 te,
931 4553 1110 4645 deine,
1147 4577 1223 4623 non
1237 4551 1449 4627 subsistent.

456 4646 610 4722 dderum
645 4678 653 4722 t
683 4653 698 4686 *
729 4665 767 4724 et
798 4676 912 4750 super
943 4652 1114 4725 inimicos
1146 4651 1217 4723 tir
1251 4650 1442 4751 liugudsus
1473 4678 1552 4727 non
1574 4651 1777 4757 dirigdbtrit

457 4758 539 4818 tuos
556 4747 824 4823 tabescebam?
1149 4763 1249 4822 terra
1279 4779 1287 4822 :
1315 4757 1330 4785 *
1359 4752 1483 4824 virum
1503 4754 1685 4853 injdstum
1707 4748 1778 4827 mu

459 4844 623 4918 Perldcto
638 4847 723 4920 ddio
739 4849 891 4921 riderem
919 4848 1002 4921 illos
1020 4876 1028 4921 :
1048 4849 1115 4922 *et
1147 4849 1297 4948 eripient
1314 4851 1352 4921 in
1370 4851 1538 4925 intdritu.

457 4942 599 5017 inimici
618 4945 710 5018 facti
728 4960 815 5019 sunt
831 4947 936 5020 mihi.
1150 4949 1315 5061 (Iopnbri
1336 4950 1423 5048 quia
1440 4951 1557 5024 ficiet
1569 4948 1781 5047 deinusjtt

459 5040 578 5114 l'roba
602 5066 688 5134 me,
716 5045 839 5137 DeuS,
868 5061 907 5120 et
931 5047 1023 5120 scito
1049 5071 1114 5119 cor
1149 5044 1288 5120 dicrum
1316 5048 1438 5148 inopis
1467 5077 1475 5122 :
1502 5052 1517 5086 *
1545 5065 1585 5125 et
1608 5052 1780 5126 vindicum

456 5163 584 5213 meum
607 5167 615 5212 :
646 5144 661 5171 *
690 5143 879 5244 intt'rroga
902 5171 980 5239 me,
1001 5159 1039 5220 et
1055 5170 1113 5219 co·
1146 5149 1366 5244 pduperum.

457 5239 594 5338 gndsce
611 5240 760 5314 semitas
773 5264 887 5316 meas.
1149 5247 1416 5321 Verumtamen
1426 5247 1518 5347 justi
1530 5248 1780 5326 confitebuntur
