4509 6209
458 695 529 767 158
724 690 888 763 Subliato
920 692 1014 760 inl'ro
1047 688 1129 759 Oct.
1159 696 1337 789 Corporis
1370 697 1521 766 Christi..

454 855 541 906 mur
561 852 715 904 carnem
733 858 740 902 :
761 826 833 903 hoc
856 853 1020 929 namque
1033 854 1105 951 per
1140 842 1325 930 quotquot
1364 829 1588 933 singuinem
1618 827 1778 932 degusti·

452 955 577 1005 escam
595 929 778 1021 eflicitur,
811 953 924 1028 quem
951 929 1106 1030 largitus
1142 955 1226 1003 mus
1260 954 1317 1003 :c
1367 930 1521 1020 temus,
1555 929 1662 1030 quod
1690 929 1780 1006 illurn

453 1043 511 1103 est
525 1027 652 1116 nobis,
681 1027 810 1101 volens
828 1027 1026 1101 ostendere
1044 1027 1106 1100 de·
1141 1052 1336 1103 sursumse
1364 1029 1490 1103 intem
1504 1087 1513 1120 ‚
1529 1029 1597 1129 qui
1614 1027 1665 1104 ab
1679 1027 1782 1131 Ange

454 1127 653 1217 siderium,
680 1125 1103 1226 quoderganoshabet.
1142 1127 1186 1200 lis
1211 1126 1391 1204 adoritur
1406 1126 1688 1228 incorruptibili
1700 1129 1782 1203 vici-

453 1227 655 1326 Propterea
714 1226 954 1324 semetipsum
999 1225 1108 1299 nobis
1142 1251 1212 1300 nus
1235 1227 1385 1314 virtuti,
1406 1224 1560 1303 huncd
1640 1228 1779 1303 eluimus

454 1326 677 1415 immiscuit,
711 1338 749 1397 et
775 1349 911 1423 corpus
936 1326 1107 1399 suumin
1141 1326 1210 1398 llei
1228 1326 1341 1414 mihi,
1366 1325 1533 1424 quot'ad
1548 1351 1592 1401 so
1607 1327 1714 1401 utem
1728 1350 1783 1401 no-

454 1421 530 1499 nos'
553 1424 880 1522 contemperivit,
916 1438 959 1498 ut
987 1449 1106 1497 unum
1141 1422 1198 1499 bis
1215 1426 1299 1498 viaet
1327 1426 1403 1499 Nos
1421 1450 1556 1527 corpus
1573 1449 1688 1499 suum
1706 1425 1781 1501 elli·
1825 1420 1826 1475 l

454 1525 546 1622 quid
572 1525 687 1597 simus
730 1537 923 1621 tamquam
972 1547 1108 1622 corpus
1142 1524 1209 1613 cit,
1232 1523 1340 1598 nobis
1363 1548 1474 1598 suum
1503 1525 1781 1600 communioivit

455 1624 570 1722 cipiti
616 1624 833 1720 coaptitum
877 1651 885 1694 :
930 1621 1109 1696 ardenter
1142 1647 1278 1720 corpus
1311 1622 1554 1697 rethorum
1579 1647 1652 1698 nos
1668 1622 1779 1698 nihile

455 1722 783 1805 enimamintium
798 1720 950 1795 hocest.
1021 1802 1033 1817 ο
1144 1721 1416 1795 malisavirtit.

456 1837 495 1919 ις..
509 1820 752 1896 Goentnubus
763 1820 847 1893 illis.
873 1824 957 1895 149.
1145 1840 1187 1901 r*-
1200 1822 1282 1921 Ego
1299 1846 1383 1894 sum
1401 1821 1521 1920 punis.
1542 1825 1631 1895 150.

690 1913 815 1994 lectio
830 1947 865 1995 v,
1258 1928 1298 1997 ln
1337 1929 1447 2000 tertio
1475 1925 1685 2002 Nocturno.

516 2014 671 2106 ,lucum
694 2017 823 2091 leones
843 2014 957 2117 igitur
981 2017 1105 2116 ignem
1143 2020 1146 2026 “
1219 2017 1339 2095 rectio
1370 2017 1490 2091 sancti
1523 2016 1718 2118 Evangelii

456 2034 523 2201 T
544 2119 726 2217 spirintes
746 2116 795 2190 ab
819 2117 883 2190 illo
900 2140 1029 2190 menso
1049 2139 1110 2187 re·
1247 2116 1457 2189 secundum
1482 2111 1690 2192 lotinnem.

454 2216 653 2306 cedimus,
675 2215 764 2289 facti
787 2213 939 2290 ditb010
957 2212 1110 2289 terribi-
1260 2225 1386 2297 Lectio
1403 2226 1466 2321 vij,
1487 2219 1579 2318 Cap.
1603 2218 1642 2291 6.
1652 2217 1691 2309 f

454 2317 525 2406 les,
558 2331 597 2391 et
629 2328 743 2414 caput
774 2329 945 2387 nostrum
981 2327 1109 2387 mente
1186 2339 1207 2386 n
1240 2313 1304 2387 illo
1334 2311 1503 2412 tempore
1529 2315 1663 2389 :Dixit
1689 2316 1782 2388 teus

455 2415 698 2504 revolventes,
710 2427 748 2488 et
758 2413 979 2487 charititem
994 2435 1105 2511 quam
1146 2334 1185 2500 l
1204 2411 1326 2486 turbis
1340 2411 1558 2486 iudeorum
1576 2414 1697 2487 :Coro
1709 2436 1785 2486 mon

455 2539 544 2617 erga
562 2538 630 2587 nos
644 2512 819 2586 ostendit.
848 2513 945 2586 Nam
973 2511 1109 2610 parcin-
1143 2535 1229 2588 vere
1247 2524 1303 2584 est
1318 2511 1425 2586 cibus
1442 2540 1450 2584 :
1470 2526 1510 2586 et
1525 2514 1681 2628 sanpuuis
1693 2534 1797 2586 meus

455 2629 511 2688 tes
528 2611 682 2712 quidem
707 2607 790 2685 a'tiis
806 2636 902 2709 saepe
918 2611 1018 2684 filios
1033 2624 1107 2683 tro·
1142 2634 1229 2683 vere
1255 2622 1311 2684 cst
1328 2623 1452 2708 potus.
1473 2612 1522 2684 Et
1537 2612 1695 2712 reliqua.

456 2711 554 2786 dunt
595 2709 749 2784 alendos
785 2740 793 2783 :
835 2734 904 2810 ego
951 2723 1105 2795 autem,
1169 2711 1223 2782 De
1241 2707 1404 2783 Homilla
1420 2710 1540 2784 sancti
1553 2708 1768 2813 Augustini,

455 2813 603 2910 inquit,
636 2811 808 2896 nonita,
838 2809 903 2882 sed
932 2807 1108 2883 cirnibus
1144 2868 1146 2872 .
1375 2807 1564 2909 Episcopi.

459 2911 552 2985 meis
568 2910 650 2998 elo,
668 2923 706 2982 et
719 2909 906 3007 meipsum
924 2907 1028 2981 vobis
1042 2933 1110 3006 ap-
1177 2911 1237 2983 Tr,
1267 2911 1330 2981 tt.
1349 2912 1537 2998 taloan,
1559 2925 1650 2981 ante
1665 2905 1758 2979 med.

456 3011 574 3109 pono,
592 3033 657 3081 vos
674 3033 804 3081 omnes
817 3006 1015 3107 generosos
1029 3031 1107 3079 esse
1143 3022 1362 3187 Drxnrus,
1388 3006 1547 3096 fratres,
1580 3006 1656 3082 hoc
1671 3005 1786 3080 llini-

455 3110 600 3196 volens,
624 3121 662 3181 et
678 3131 783 3206 spem
800 3105 942 3179 bonam
969 3104 1017 3178 de
1044 3105 1109 3178 fu·
1230 3128 1322 3176 num
1337 3105 1625 3181 commendtsse
1637 3106 1677 3179 in
1689 3126 1781 3178 mon-

454 3207 547 3282 turis
576 3205 681 3280 vobis
719 3204 887 3305 praebens
926 3233 934 3276 :
972 3205 1108 3302 quippe
1142 3201 1342 3276 duratione
1369 3207 1495 3280 cornis
1524 3214 1775 3303 suoe,etpott·

455 3309 519 3405 qui
533 3300 637 3381 vobi's
665 3303 726 3379 hic
745 3305 929 3403 meipsum
949 3303 1105 3393 tnididi,
1144 3302 1243 3375 tione
1262 3303 1458 3402 singuinis
1474 3305 1530 3378 sui
1550 3361 1559 3394 ,
1597 3317 1643 3377 ut
1669 3304 1706 3376 in
1725 3298 1770 3381 llt

455 3405 726 3504 multomagis
752 3404 792 3477 id
827 3405 866 3475 in
897 3401 1028 3474 futuro
1048 3403 1108 3475 ft·
1143 3399 1395 3489 mouerimus,
1427 3404 1574 3502 etipse
1604 3404 1645 3477 in
1673 3397 1763 3475 nobis.

456 3505 566 3578 ciam.
586 3503 697 3578 Volui
715 3503 832 3576 frater
856 3515 977 3574 vester
994 3500 1105 3588 fieri,
1144 3499 1339 3573 Manemus
1373 3516 1501 3575 autem
1532 3503 1574 3576 in
1605 3501 1688 3590 illo,
1705 3519 1764 3573 cum

455 3605 559 3676 carni
586 3616 739 3701 propter
768 3627 842 3674 vos·
864 3614 901 3674 et
935 3600 1108 3716 singuini
1144 3622 1273 3671 sumus
1304 3600 1476 3674 membro
1510 3601 1593 3699 ejus
1629 3629 1638 3674 ε
1667 3606 1765 3673 mooot

454 3698 733 3775 communicivi
772 3729 779 3773 :
816 3697 921 3771 vobis
945 3698 1108 3797 vicissim
1144 3710 1271 3769 autem
1291 3698 1369 3796 ipse
1394 3700 1434 3772 in
1462 3699 1595 3790 nobis,
1625 3716 1765 3774 cumto-

455 3802 575 3898 ipsam
606 3823 760 3872 carnem
796 3812 835 3871 et
862 3797 1106 3896 stinguinem,
1145 3821 1228 3867 mus
1254 3797 1437 3894 templum
1462 3800 1558 3896 ejus.
1591 3800 1644 3874 Ut
1670 3808 1765 3872 autem

455 3923 522 3998 per
545 3922 627 3997 quae
645 3898 827 3998 cognitus
845 3910 967 3968 vester
985 3896 1109 3967 factus
1144 3894 1260 3966 simus
1278 3895 1451 3970 membru
1466 3898 1573 3996 ejus,
1593 3898 1768 3971 uniusne

456 4023 538 4071 sum
557 4054 565 4086 ,
587 3994 709 4068 trado.
778 3991 783 4002 ’
1143 3993 1386 4094 compiginat
1428 4023 1436 4066 ε
1475 4009 1527 4069 ut·
1560 4021 1646 4071 com
1682 3992 1768 4063 ''oet

460 4086 664 4193 {succepit
686 4096 807 4167 Jesus.
830 4096 914 4167 119.
1144 4089 1290 4182 unitas,
1320 4117 1402 4190 quae
1427 4094 1544 4181 facit,
1578 4095 1651 4168 nisi
1719 4083 1770 4164 iri·

475 4190 477 4195 ’
694 4202 819 4273 Lectio
836 4201 883 4293 vj.
1147 4191 1225 4263 tas?
1240 4191 1287 4263 Et
1303 4191 1467 4266 chiritas
1480 4194 1550 4267 Dei
1561 4192 1687 4267 unde?
1702 4186 1768 4289 Api

530 4316 729 4367 muninus
743 4291 870 4388 itaque
884 4287 991 4361 nobis
1007 4288 1107 4386 ipsis,
1144 4287 1281 4366 stolum
1299 4287 1503 4392 inte'rroga.
1536 4292 1723 4380 Chiritoo,
1736 4287 1772 4360 in

465 4386 486 4479 ᾗ
547 4390 805 4478 dilectissimi,
824 4386 1110 4461 tilibusfruin·
1144 4389 1243 4485 quit,
1265 4390 1332 4462 Dei
1358 4388 1495 4464 dilliiso
1527 4405 1586 4465 est
1612 4393 1652 4464 in
1674 4383 1769 4464 cordi·

460 4490 636 4566 tesbonis
659 4519 665 4560 :
684 4501 825 4562 etcum
842 4485 985 4584 iliquid
1003 4499 1110 4583 turpe
1147 4485 1215 4559 bus
1242 4488 1378 4561 nostris
1409 4514 1478 4588 per
1507 4491 1691 4589 Spiritum
1713 4506 1773 4561 satt-

458 4589 582 4663 dicere
612 4588 864 4675 volue'rimuS,
894 4584 952 4657 vel
977 4608 1044 4655 nos
1062 4582 1110 4656 ab
1145 4600 1271 4672 ctum,
1293 4586 1357 4685 qui
1375 4585 1488 4661 datus
1507 4603 1564 4663 est
1591 4588 1710 4681 nobis.

454 4692 512 4760 ire
540 4687 635 4761 curri
665 4687 676 4758 i
705 4685 930 4769 viderimus,
950 4681 1010 4754 vel
1036 4681 1110 4754 ilio
1147 4683 1270 4789 prui
1290 4685 1512 4761 manducat.
1537 4693 1626 4762 152.

456 4715 865 4884 quipiamluujiismodi
885 4781 998 4869 vitio,
1017 4805 1109 4852 con-
1366 4795 1495 4868 Lectio
1514 4800 1592 4893 viij,

456 4883 662 4957 sideremus
696 4883 831 4981 quibus
865 4880 956 4953 facti
980 4903 1109 4951 sumus
1214 4906 1283 4955 nco
1308 4881 1461 4980 spiritus
1491 4877 1568 4976 est,
1595 4886 1661 4985 qui
1684 4876 1776 4958 virili·

454 4983 560 5082 digni
591 5010 598 5053 :
628 4980 976 5079 talisquccogiteitio
1001 4977 1108 5051 nobis
1146 4905 1288 5069 Ecat
1323 5008 1331 5052 :
1369 4981 1525 5079 spiritus
1573 4985 1677 5058 enim
1706 4978 1775 5057 tacit

454 5078 769 5153 irrationabilium
786 5077 959 5152 motuum
973 5078 1021 5150 sit
1032 5101 1110 5150 cor·
1141 5076 1226 5154 viva
1244 5077 1418 5152 membre
1447 5109 1455 5153 ε
1481 5107 1555 5156 nec
1577 5083 1664 5158 vivo
1679 5100 1775 5157 metu·

457 5179 593 5257 rictio„
620 5178 812 5276 Quotquot
845 5177 960 5277 igitur
998 5175 1108 5273 hujus
1141 5172 1212 5248 bra
1240 5178 1394 5275 spiritus
1424 5179 1537 5271 facit,
1564 5183 1637 5256 nisi
1659 5178 1773 5283 quein

452 5276 652 5378 participes
687 5276 853 5374 corporis
883 5275 1103 5367 ellicimur,
1141 5275 1317 5373 corpore,
1338 5276 1441 5376 quod
1459 5279 1614 5382 vegetat
1639 5273 1776 5382 ipseopi
