4509 6209
453 681 499 751 ⁴2
865 679 1053 749 Doniinica
1087 678 1134 749 ad
1162 679 1402 752 Matutintnn.

454 818 555 890 Deus
580 837 706 906 meus,
726 813 743 844 *
759 826 799 887 et
815 805 1001 889 exaltetur
1014 816 1114 888 Deus
1143 816 1234 889 Dies
1253 806 1327 889 die'i
1356 812 1503 890 erictnt
1527 811 1707 902 verbum,
1733 813 1785 888 'et

454 912 583 989 saltitis
595 937 700 986 meae.
1146 941 1222 988 nox
1239 914 1341 988 nocti
1358 913 1501 988 indicat
1516 905 1726 987 scientiam.

453 1017 574 1101 neus,
602 1013 665 1111 qui
691 1011 758 1084 das
787 1010 970 1084 vindictas
996 1011 1110 1104 mihi,
1143 1013 1230 1087 Non
1256 1026 1344 1087 sunt
1360 1006 1515 1113 loqueiae
1533 1034 1658 1111 neque
1674 1009 1787 1083 senui>

454 1125 495 1186 et
518 1111 647 1185 subdis
664 1109 818 1209 populos
834 1109 902 1182 sub
933 1135 1018 1202 me,
1039 1114 1054 1142 *
1073 1111 1113 1184 ti·
1146 1137 1237 1204 nes,
1265 1113 1282 1144 *
1307 1137 1469 1212 quorum
1494 1135 1572 1184 non
1603 1103 1789 1183 auditintnr

455 1205 607 1285 beriton
633 1234 739 1282 meus
765 1209 812 1283 de
836 1207 997 1282 inimicis
1021 1211 1113 1284 meis
1145 1237 1254 1285 voces
1271 1209 1415 1284 eorum.

455 1307 659 1383 iracsindis.
1146 1310 1189 1383 ln
1219 1336 1372 1384 omnem
1398 1323 1539 1384 terram
1557 1306 1673 1382 exivit
1696 1332 1790 1383 sonus

455 1411 502 1483 tit
518 1407 566 1482 ab
584 1398 860 1507 insurgentibus
875 1406 914 1478 in
931 1431 993 1479 me
1017 1407 1112 1480 exal·
1146 1408 1275 1482 comm
1294 1437 1302 1482 :
1322 1410 1337 1440 *
1354 1422 1394 1482 et
1410 1409 1450 1481 in
1467 1409 1562 1482 fines
1579 1405 1685 1481 orbis
1701 1422 1790 1482 tene

454 1501 553 1582 cibis
569 1531 631 1580 me
646 1534 656 1580 ς
672 1507 687 1537 *
701 1531 724 1579 a
738 1505 819 1578 viro
833 1504 963 1605 iniquo
981 1505 1113 1606 eripies
1146 1508 1260 1582 verba
1273 1506 1415 1583 eorum.

457 1632 532 1680 me.
1146 1608 1189 1679 ln
1231 1607 1308 1680 sole
1350 1605 1473 1706 posuit
1518 1597 1788 1679 taberniculun

451 1695 654 1804 Propte'rea
678 1698 891 1777 confitc'bor
907 1703 974 1778 tibi
993 1705 1032 1776 in
1049 1729 1112 1776 na·
1146 1732 1256 1779 suum
1277 1734 1285 1780 :
1307 1706 1322 1737 *
1340 1706 1473 1804 etipse
1487 1718 1566 1778 tam
1596 1729 1688 1777 uam
1705 1729 1790 1804 spon

456 1802 637 1894 tionibus,
656 1800 815 1876 Domine
839 1831 848 1875 z
872 1805 943 1878 *et
969 1802 1112 1876 nomini
1145 1830 1207 1878 sus
1256 1800 1436 1879 roee'dens
1457 1804 1506 1877 de
1523 1731 1697 1878 thglamo
1710 1828 1787 1876 sno:

456 1918 521 1977 tuo
535 1901 722 2000 psalmum
742 1901 879 1975 dicam.
1145 1831 1336 1978 Exufttin’t
1364 1917 1408 1977 ut
1445 1904 1551 2005 gigas
1581 1902 1632 1977 ad
1664 1895 1791 1976 curre'n

453 2001 700 2100 Magnificens
722 1998 859 2074 suhites
881 2002 992 2102 Regis
1014 2002 1109 2099 ejus,
1146 2002 1235 2076 dam
1264 2005 1365 2077 viam
1395 2031 1404 2077 ε
1436 2004 1453 2035 *
1481 2028 1506 2076 a
1533 2027 1686 2076 summo
1712 2000 1788 2077 coelo

453 2115 494 2176 et
507 2098 645 2174 ficiens
663 2098 956 2173 misericordiam
974 2100 1113 2174 christo
1146 2097 1308 2203 egressio
1328 2102 1420 2201 ejus.

456 2226 524 2274 suo
542 2197 687 2288 David,
711 2199 726 2228 *
756 2211 795 2271 et
814 2193 946 2273 semini
960 2200 1038 2298 ejus
1056 2224 1113 2273 us·
1146 2202 1196 2274 Et
1212 2200 1387 2275 occticsus
1400 2200 1479 2299 ejus
1495 2225 1615 2299 usque
1638 2198 1689 2272 ad
1710 2222 1791 2272 sum·

460 2326 535 2401 que
552 2298 593 2371 in
610 2296 798 2371 saeculum.
1147 2325 1252 2373 mum
1269 2302 1347 2400 ejus
1368 2329 1376 2373 :
1395 2302 1410 2332 *
1428 2322 1503 2372 nec·
1515 2311 1572 2372 est
1590 2299 1658 2399 qui
1672 2322 1711 2373 se
1729 2296 1794 2373 abs

509 2402 577 2468 Pcc
617 2398 792 2479 Annum,
822 2400 914 2471 Aisa.
952 2396 1113 2499 Dssignm
1148 2397 1570 2498 condatacalcireejus.

461 2497 723 2589 te,D‹imine‚
752 2497 869 2571 virtus
887 2524 983 2573 mea.
1149 2501 1226 2573 Lex
1258 2498 1408 2573 Domini
1447 2491 1693 2571 immaculdta
1723 2521 1791 2572 con·

456 2597 494 2672 s‘u
522 2596 707 2692 Quoniam
725 2613 767 2672 tu
784 2594 973 2673 ilhiminas
998 2589 1114 2670 lucer·
1148 2593 1297 2672 ve'rtens
1322 2591 1468 2671 cinimas
1489 2625 1497 2670 ε
1518 2598 1533 2628 *
1551 2594 1789 2670 testimonium

458 2719 549 2770 nam
578 2723 727 2788 meam,
756 2695 928 2772 Domine.
950 2707 991 2792 n).
1016 2700 1116 2772 Deus
1149 2696 1298 2771 Domini
1317 2691 1451 2788 fidele,
1479 2690 1705 2796 sapie'ntism
1720 2718 1791 2797 pn*

459 2821 585 2889 mem,
609 2795 782 2871 ilhimina
799 2790 972 2871 tenebras
997 2822 1112 2870 meas.
1149 2789 1441 2896 stansptirvulis.

457 2898 576 2969 Pater
604 2911 914 2987 nostemccrcto.
945 2898 981 2976 i.
1004 2898 1053 2969 Et
1069 2922 1116 2970 ne
1150 2894 1307 2970 Justitiae
1338 2894 1487 2969 Domini
1519 2908 1658 2986 rectae,
1692 2890 1790 2968 letifi-

461 3020 530 3068 nos
555 2993 711 3069 indncas
733 2997 773 3068 in
803 2993 1111 3091 tentationem.
1150 2989 1277 3068 centes
1293 2994 1409 3068 corda
1426 3022 1434 3066 :
1454 2995 1469 3024 *
1485 2987 1715 3093 pnece'ptum
1738 2990 1790 3065 lt»

460 3093 534 3169 Sed
551 3094 670 3168 libera
686 3119 755 3168 nos
771 3120 794 3168 a
810 3094 923 3167 malo.
1150 3095 1243 3166 mini
1273 3093 1463 3186 lticidum,
1483 3090 1703 3166 illiminans
1724 3086 1790 3164 teo

685 3194 889 3267 Absolutio.
1150 3193 1218 3267 los

499 3317 589 3366 nsws
602 3291 720 3392 pietas
733 3307 772 3367 et
784 3290 1037 3367 miseriet‘ntlia
1051 3317 1118 3367 nos
1149 3292 1180 3359 T
1184 3295 1282 3366 imon
1301 3290 1453 3365 Domini
1473 3304 1646 3381 sanctus,
1666 3281 1789 3390 pem·

454 3305 692 3491 lddjuvet‚
725 3395 790 3493 qui
821 3418 908 3467 cum
938 3395 1046 3465 Patre
1081 3407 1119 3466 et
1151 3417 1243 3466 nens
1266 3393 1305 3465 in
1331 3391 1507 3465 saeculum
1534 3391 1658 3464 saecuti
1688 3418 1696 3463 :
1722 3390 1790 3511 *jn

457 3491 599 3589 Spiritu
628 3507 757 3567 sancto
773 3494 915 3566 vivitet
932 3504 1065 3592 regnat
1077 3493 1117 3564 in
1150 3491 1248 3566 dicia
1280 3489 1430 3564 Domini
1463 3515 1573 3582 vera,
1605 3488 1789 3591 justificet:

461 3592 595 3665 saeeula
610 3591 888 3688 seculorumnt.
921 3589 1054 3664 Amen.
1150 3593 1189 3665 in
1207 3589 1416 3689 semetipsa.

457 3692 495 3766 i.
513 3690 634 3781 Jube,
671 3690 835 3783 domne,
879 3688 1113 3764 benedicere.
1149 3688 1417 3765 Desiderabilio
1442 3712 1555 3787 super
1595 3711 1730 3762 aurum
1763 3698 1789 3761 et

457 3787 594 3859 Bencd.
624 3791 724 3863 Deus
745 3793 856 3864 Pater
880 3787 1117 3888 omnipotens
1150 3787 1313 3888 lipidem
1340 3785 1542 3888 pretiosum
1569 3787 1732 3861 multum
1756 3787 1788 3858 :⁸
1829 3826 1830 3836 κ

463 3887 512 3959 sit
529 3885 638 3960 nobis
675 3887 856 3989 propitius
881 3904 920 3961 et
936 3887 1112 3962 clemens.
1150 3902 1188 3961 et
1213 3885 1380 3961 dulciora
1392 3911 1504 3985 super
1521 3885 1596 3959 mel
1615 3900 1654 3960 et
1669 3887 1789 3960 favum.

462 3998 499 4081 ns.
536 3983 670 4059 Amen.
1149 3985 1298 4060 Etenim
1316 4011 1442 4059 servus
1463 3999 1550 4058 tuus
1567 3984 1790 4059 custoditos:
1829 3999 1830 4020 ¹

506 4086 575 4155 Pro
596 4109 629 4153 v.
648 4086 839 4167 Lectione,
860 4086 998 4159 Bened.
1019 4085 1119 4157 Chri·
1149 4086 1222 4158 *in
1241 4081 1494 4159 custodiendis
1518 4083 1591 4156 illis
1614 4082 1793 4159 reinboto
1828 4126 1830 4134 π

458 4197 537 4258 stus
567 4179 756 4284 perpetue
775 4182 841 4258 det
857 4182 965 4258 nobis
981 4180 1118 4285 giudic
1152 4186 1283 4258 multa.
1828 4191 1830 4198 '

459 4285 557 4358 vitae.
578 4296 614 4380 ἡ.
642 4281 776 4356 Amen.
1152 4282 1293 4357 Delicta
1306 4283 1388 4382 quis
1405 4272 1794 4384 inteiligittabooeit

511 4384 583 4452 Pro
637 4384 684 4476 vj.
716 4383 923 4472 Lectione,
971 4384 1109 4456 Bencd.
1152 4383 1198 4456 tis
1231 4384 1325 4456 meis
1351 4381 1497 4455 munde
1522 4407 1585 4456 me
1617 4410 1626 4455 ε
1660 4384 1678 4415 *
1707 4376 1795 4456 etth

458 4482 586 4580 ignem
601 4481 657 4553 sui
675 4477 812 4554 amoris
827 4472 1008 4554 accendat
1019 4484 1119 4556 Deus
1151 4475 1281 4556 alic'nis
1294 4506 1405 4580 parce
1422 4506 1529 4554 servo
1547 4496 1628 4555 tuo.

458 4579 498 4652 in
512 4578 685 4653 cordibus
701 4579 849 4652 nostris.
871 4592 907 4675 n).
932 4578 1064 4654 Amen.
1149 4580 1190 4653 Si
1224 4581 1310 4669 mei
1329 4606 1406 4653 non
1436 4578 1578 4653 scierint
1610 4571 1797 4666 dominici,

567 4681 615 4753 ΙΝ
640 4681 700 4751 ΙΙΙ.
729 4678 1001 4754 NOCTURNO.
1152 4694 1242 4753 tunc
1276 4672 1540 4752 immaculsitus
1570 4704 1636 4753 ero
1679 4706 1689 4752 :
1724 4680 1740 4712 *
1770 4686 1800 4751 ei

506 4779 573 4846 l'cc
606 4779 774 4863 Annum,
808 4778 901 4848 Asia.
929 4779 1014 4852 Non
1031 4793 1118 4853 sunt
1151 4772 1386 4851 emundibor
1412 4802 1436 4849 a
1463 4775 1603 4851 delicto
1629 4771 1798 4852 maixime.

459 4869 627 4976 loqueiae.
1148 4879 1195 4949 Et
1208 4891 1319 4950 erunt
1331 4891 1373 4949 ut
1390 4868 1652 4974 eompleceant
1665 4875 1802 4978 eloquit

660 4976 823 5047 Psaltnus
853 4981 911 5048 118.
1150 4977 1224 5048 oris
1244 4977 1317 5049 mei
1353 5005 1361 5048 ε
1388 4976 1402 5005 *
1420 4989 1458 5048 et
1474 4969 1675 5050 medititio
1692 4974 1803 5052 condit

456 5085 599 5259 Coen
612 5070 792 5147 enin-ant
808 5072 963 5175 gloriam
987 5074 1077 5166 Dei,
1101 5075 1116 5105 *
1151 5075 1224 5147 mei
1239 5075 1278 5147 in
1296 5067 1499 5172 conspe'ctu
1513 5088 1580 5149 tuo
1598 5097 1761 5177 semper.

542 5186 581 5245 et
601 5172 716 5346 (igere
732 5166 915 5246 minuum
945 5175 1024 5274 ejus
1050 5199 1114 5247 an·
1184 5172 1333 5265 omine,
1354 5170 1504 5272 adjtitor
1520 5199 1628 5251 meus
1644 5232 1654 5265 ,
1672 5178 1689 5208 *
1706 5189 1744 5252 et
1755 5196 1804 5248 ιτ·

453 5269 604 5347 nontiat
648 5264 914 5348 rmame'ntum.
1149 5266 1323 5373 demptos
1342 5299 1459 5351 meus.
