4509 6209
576 697 638 764 iiie
662 698 736 789 viij.
769 697 865 790 Maii.
900 696 1063 794 apparit.
1095 696 1131 764 8.
1154 695 1355 768 Michaelis.
1577 717 1644 789 291

496 832 621 915 ιυόἁῐό
662 841 874 919 ¹litiminum
915 842 963 917 de
993 834 1031 910 i·¹
1065 843 1178 916 Stetit
1203 841 1504 945 Angelus-juxta
1546 873 1653 922 aram

496 941 613 1015 ielriia.
999 941 1142 1040 templi.
1167 943 1204 1027 ti·
1236 943 1387 1017 Habens
1414 944 1653 1021 thuribulum

496 1031 642 1101 itttiffln-
666 1045 784 1140 Apoc.
808 1047 842 1115 t.
996 1040 1155 1114 aureum
1181 1042 1221 1115 in
1239 1067 1355 1116 manu
1372 1067 1452 1118 sua.

496 1164 569 1212 tvrr
593 1141 693 1212 Deus
714 1165 796 1238 quae
815 1141 964 1240 optirtet
1091 1132 1145 1202 Ad
1176 1131 1423 1215 Benedictus,
1453 1130 1546 1201 Ᾱῆὸ·

496 1237 590 1330 cito,
611 1238 767 1338 loquens
785 1266 854 1339 per
882 1238 964 1313 Au·
995 1239 1153 1312 Factum
1181 1252 1238 1313 est
1264 1240 1454 1314 silentium
1479 1241 1649 1331 incaelo,

496 1362 571 1409 rum
595 1362 783 1411 servosuo
802 1339 959 1431 Joinni,
997 1338 1091 1410 dum
1132 1338 1247 1412 draco
1280 1340 1537 1414 committeret
1578 1340 1653 1415 bel·

496 1437 657 1509 aenium
675 1436 869 1535 perhibuit
883 1463 963 1512 ver·
996 1437 1076 1510 lum
1098 1465 1106 1509 :
1127 1452 1166 1512 et
1190 1439 1350 1512 Michael
1368 1436 1549 1539 pugnavit
1564 1465 1652 1514 cum

510 1549 549 1608 et
585 1535 840 1609 testimunium
873 1538 963 1610 Jesu
996 1560 1060 1626 e0,
1096 1549 1136 1610 et
1168 1538 1262 1612 iecit
1296 1539 1514 1629 victuriam,
1559 1540 1653 1612 alle-

503 1635 749 1734 quaecrimque
781 1637 885 1710 vidit.
996 1635 1085 1708 tuta.

540 1728 718 1822 Hymnus.
1251 1727 1391 1800 Oratio.

496 1859 498 1902 ι
519 1890 527 1919 ,
582 1833 798 1907 sanctirum
849 1833 963 1909 decus
992 1835 1143 2006 Deus
1160 1891 1169 1921 ‚
1189 1835 1253 1934 qui
1271 1836 1369 1909 miro
1395 1835 1554 1926 urdine,
1574 1835 1651 1909 An-

496 1931 650 2019 tarum,
1106 1934 1277 2033 gelirum
1301 1936 1508 2009 ministeria
1525 1934 1653 2008 homi-

496 2031 638 2104 umanae
667 2033 778 2106 Sator
816 2045 854 2106 et
886 2034 964 2116 Res
998 2030 1166 2131 ntimque
1208 2033 1401 2131 dispensas
1433 2063 1442 2107 ε
1487 2034 1651 2108 conce'de

496 2155 557 2220 ar,
996 2131 1181 2229 propitius
1191 2156 1203 2223 ;
1247 2146 1307 2223 ut,
1349 2157 1372 2206 a
1407 2133 1544 2232 quibus
1582 2133 1651 2208 tibi

512 2227 621 2301 uobis
663 2229 804 2304 tribuas
834 2229 963 2305 beitas
997 2228 1297 2305 ministrantibus
1318 2233 1357 2305 in
1383 2233 1477 2307 coeio
1503 2256 1652 2331 semper

496 2327 595 2401 idere
619 2327 737 2401 sedes.
997 2329 1208 2416 assistitur,
1230 2328 1279 2403 ab
1304 2330 1363 2404 his
1379 2332 1419 2404 in
1447 2346 1550 2407 terra
1574 2334 1651 2404 vita

496 2428 598 2524 pacis
623 2427 784 2501 Michael
808 2428 962 2504 inaedes
995 2442 1125 2502 nostra
1160 2430 1364 2503 muniatur.
1407 2433 1477 2505 Per
1517 2431 1650 2504 Dami-

496 2540 625 2599 rostras
650 2527 778 2601 veniat
799 2529 963 2603 :sere'nae
995 2550 1101 2601 num.

496 2639 526 2698 rt
555 2627 656 2725 pacis
687 2627 897 2726 lacrymasa
921 2629 962 2702 in
1119 2621 1175 2690 Ad
1209 2622 1393 2705 Tertiam,
1425 2619 1518 2691 Asta·

996 2727 1096 2798 Dum
1122 2722 1367 2830 praiiaretur.

496 2849 508 2896 r
531 2823 686 2923 releget.
1044 2818 1163 2914 Capit.
1186 2820 1429 2925 Significavit.
1456 2843 1580 2914 supra-

496 2923 590 2996 ’ortis
616 2922 793 3015 Gabriel,
822 2937 864 2998 ut
889 2924 961 2999 ho-
995 2925 1032 3010 lt)-
1058 2914 1115 2986 bt·
1155 2924 1266 2999 Stetit
1295 2917 1502 3027 Angelus*
1536 2925 1650 2998 Juxta

995 3047 1101 3096 aram
1119 3025 1263 3123 tempii.
1294 3026 1416 3099 Stetit.
1439 3017 1473 3092 i'-
1499 3023 1650 3097 Habens

496 3120 630 3218 tiqu0s‚
647 3133 685 3194 et
710 3123 834 3196 amica
850 3123 959 3212 coelo,
997 3121 1234 3196 thuribulum
1267 3124 1426 3197 aureum
1462 3124 1499 3196 in
1531 3147 1648 3196 manu

496 3215 684 3318 imphaitor
721 3223 853 3296 statuit
893 3248 964 3322 per
995 3245 1076 3294 sua.
1104 3222 1233 3294 Juxta.
1265 3214 1397 3295 (ituria
1421 3223 1536 3296 Patri.
1563 3223 1648 3294 Ste-

501 3375 510 3408 ,
997 3320 1054 3392 tit.
1086 3314 1122 3388 i.
1155 3317 1334 3394 Asce'ndit
1355 3322 1482 3394 fumus
1503 3322 1647 3393 arrima-

499 3417 562 3515 pia
587 3419 736 3492 revisat.
997 3433 1078 3491 tum
1109 3419 1150 3491 in
1180 3420 1383 3518 conspectu
1411 3419 1576 3493 Dcimini.
1605 3425 1642 3507 ti·

511 3531 648 3591 nostrae
690 3515 859 3590 medicus
900 3541 961 3591 sa·
995 3520 1050 3592 De
1079 3542 1196 3591 manu
1222 3516 1367 3618 Angeli.

1141 3610 1494 3688 AdSextam,Ar“1a.

496 3715 584 3788 coeio
609 3713 796 3814 Riphaei,
817 3728 860 3789 ut
876 3740 962 3789 om·
993 3713 1228 3821 Archangele
1251 3714 1424 3788 Michael.

1065 3810 1289 3903 Capitulum.
1327 3819 1446 3914 Apoc.
1474 3819 1557 3886 5.c

496 3909 604 4006 pratos
621 3968 630 3998 ‚
650 3909 858 4011 dubiasque
876 3914 961 3988 vitae
992 3920 1164 4088 Auutvr
1220 3938 1351 3986 vocem
1417 3910 1645 4012 Augelt'rrum

496 4024 549 4109 pat
571 4024 693 4084 aetus.
1083 4011 1290 4085 multarum
1308 4013 1347 4085 in
1367 4012 1527 4085 circriitu
1547 4010 1646 4083 thro·

496 4136 535 4182 rx
561 4112 684 4209 pacis,
718 4107 961 4212 Genitrixque
995 4113 1060 4201 ni,
1094 4124 1134 4186 et
1162 4110 1411 4201 animalium,
1451 4125 1490 4183 et
1519 4110 1647 4181 senici-

996 4236 1079 4284 rum
1110 4225 1179 4284 :et
1203 4224 1285 4284 erat
1307 4212 1487 4284 numerus
1516 4209 1647 4280 earum

525 4307 634 4382 uobis
666 4306 804 4381 chorus
833 4308 963 4410 Ange·
995 4311 1114 4383 millia
1152 4310 1340 4400 millium,
1372 4332 1464 4381 voce
1508 4329 1648 4404 magna

995 4409 1203 4483 dicentium
1226 4438 1234 4480 :
1257 4409 1363 4480 Salus
1391 4409 1470 4479 Deo
1500 4416 1643 4476 nostro.

496 4506 664 4597 assistat,
686 4505 797 4578 simul
822 4518 860 4579 et
885 4509 962 4580 mi·
995 4514 1030 4596 rt,
1056 4504 1111 4573 br.
1134 4506 1312 4580 Ascendit
1340 4505 1468 4577 fumus
1496 4500 1650 4575 arrima-

996 4621 1077 4681 tum
1110 4588 1130 4644 i
1168 4607 1211 4678 ln
1244 4604 1446 4703 conspe'ctu
1479 4602 1642 4675 Damini.

499 4729 522 4776 a
549 4703 648 4778 coeli·
995 4705 1185 4779 Asce'ndit.
1215 4701 1251 4776 t,
1273 4705 1329 4775 De
1355 4720 1472 4773 manu
1497 4700 1642 4801 Angcii.

496 4827 555 4877 roc
582 4801 835 4876 nobislttiitas
853 4801 962 4877 beata
995 4806 1050 4878 ln.
1078 4801 1210 4876 <traria
1234 4802 1349 4874 Patri.
1378 4798 1569 4872 Ascendit.
1604 4797 1639 4869 i‘.

497 4927 544 4978 ac
584 4903 701 4993 Nati,
747 4903 961 5002 parite'rque
995 4906 1036 4976 ln
1060 4902 1264 5000 conspe'ctu
1296 4898 1526 4998 Angelcirum
1544 4897 1647 4996 psai-

994 5004 1070 5076 lam
1101 5001 1192 5087 tibi,
1225 5000 1326 5071 Deus
1355 5020 1474 5069 meus.
1494 5002 1530 5087 tt.
1552 4994 1642 5068 Ado·

496 5161 498 5185 .
553 5100 660 5199 cujus
702 5099 854 5176 resonat
895 5126 963 5201 per
996 5101 1087 5175 rabo
1137 5097 1187 5173 ad
1238 5094 1424 5193 templum
1475 5109 1645 5202 sanctuni

496 5224 512 5273 1
997 5216 1135 5290 tuum,
1177 5210 1218 5270 et
1258 5191 1468 5268 coniite'bor
1503 5193 1646 5266 utimini

496 5297 537 5372 ia
560 5297 762 5373 mundum.
789 5297 924 5374 Amen.
998 5314 1076 5374 tuo.
