4509 6209
473 681 575 787 lxxvj
609 730 611 735 ·
721 689 1141 762 CommuneAbbatum.
1163 693 1250 764 Aliae
1269 695 1370 765 Lect.
1406 695 1458 789 iij.
1487 695 1591 765 Nori.

689 829 813 902 Lectio
830 829 906 925 viij.
1141 831 1213 906 'De
1243 832 1402 907 llomilia
1430 833 1648 910 veneidbilis
1664 842 1768 920 lledae.

568 953 673 1000 sonus
704 952 781 1002 esse
812 928 942 1001 visin
968 927 1125 1011 minimo
1367 933 1592 1033 Presbyteri.

480 943 716 1126 Mincipe.
755 1028 906 1129 Gogitas
947 1052 1125 1142 magnam
1281 1038 1327 1103 In
1342 1034 1473 1106 Natali
1489 1039 1527 1106 S.
1547 1038 1674 1107 Bened.

480 1123 660 1200 fibricam
697 1123 912 1200 construere
944 1127 1126 1201 celsrtddi·
1243 1156 1286 1204 uo
1307 1146 1394 1206 sunt
1417 1133 1567 1207 ordines
1604 1136 1768 1211 electorum

481 1227 560 1299 nis?
594 1226 641 1299 de
676 1226 921 1299 fundamento
944 1226 1129 1326 priused-
1252 1230 1447 1329 injudicio
1466 1234 1585 1305 futdri
1607 1263 1614 1306 :
1635 1238 1767 1333 unusju-

477 1327 556 1426 gita
588 1326 823 1399 humilitdtis.
861 1327 910 1398 Et
946 1341 1126 1424 quantam
1160 1325 1364 1402 dicdntium
1381 1356 1467 1403 cum
1484 1333 1654 1425 Domino,
1667 1336 1706 1409 de
1717 1339 1766 1433 qui

478 1426 634 1524 quisque
651 1426 732 1497 vult
748 1439 787 1498 et
809 1425 973 1522 disponit
997 1451 1129 1523 super·
1161 1424 1231 1498 bus
1244 1428 1315 1502 hoe
1332 1428 1413 1503 loco
1430 1433 1639 1521 memorat,
1657 1436 1710 1531 qui
1729 1462 1762 1507 re

478 1526 672 1622 imponere
685 1526 822 1597 molem
836 1522 1002 1615 edificii,
1017 1549 1129 1623 quan·
1160 1522 1349 1623 liquerunt
1374 1530 1502 1603 ‹imnia
1527 1546 1565 1605 et
1589 1535 1763 1607 seclusus

481 1639 519 1698 to
539 1624 610 1696 erit
627 1624 746 1717 majus
774 1622 999 1714 aedificium,
1026 1638 1129 1697 tanto
1163 1624 1294 1718 illum;
1327 1622 1420 1701 silius
1456 1630 1761 1728 judicandorum

480 1724 591 1796 iltius
630 1723 724 1796 fodit
747 1722 1046 1795 fundamentum.
1082 1725 1131 1796 Et
1162 1725 1339 1818 Domino,
1369 1728 1433 1825 qui
1463 1755 1541 1803 non
1558 1730 1760 1827 quiderndu·

480 1821 628 1896 ftbrica
650 1822 803 1920 quidem
833 1847 921 1893 cum
950 1824 1129 1895 constrdi·
1163 1826 1224 1897 nin
1240 1852 1306 1899 sun
1319 1828 1460 1924 pdriter
1476 1827 1706 1927 reliquerunt,
1720 1830 1761 1903 sel

484 1935 556 2011 tur,
576 1923 675 1994 insu
702 1922 792 1995 ernu
814 1921 1006 2021 consurgit
1037 1922 1129 2021 :qui
1162 1923 1209 1996 de
1227 1924 1283 1997 his
1309 1940 1449 2015 tamen,
1477 1953 1559 2025 quae
1590 1928 1758 2008 habebant.

482 2021 651 2094 antemi
697 2022 726 2093 it
754 2019 1062 2111 fundumentum,
1083 2021 1130 2093 nd
1163 2024 1395 2119 quotididnas
1424 2025 1514 2099 dare
1557 2027 1761 2127 eleenu'rsrnu

481 2121 559 2193 ima
576 2119 811 2219 deprimitur.
840 2121 940 2219 Ergo
963 2135 1002 2194 et
1017 2120 1131 2194 iibri·
1165 2122 1298 2197 Christi
1323 2125 1548 2223 pauperibus
1582 2127 1759 2200 curibant:

480 2245 526 2293 ea
562 2234 650 2294 ante
684 2218 944 2294 celsitudinem
961 2220 1131 2293 humilit-
1165 2223 1319 2296 undeet
1345 2224 1507 2297 audituri
1536 2241 1622 2300 sunt
1646 2228 1679 2298 in
1700 2223 1763 2322 judi

483 2333 563 2410 tur,
591 2335 629 2393 et
644 2320 837 2421 fastigium
862 2333 946 2419 post
961 2320 1131 2394 humilia·
1164 2322 1221 2393 cio
1260 2350 1268 2392 :
1300 2323 1450 2413 Venite,
1472 2323 1654 2400 benedicti
1680 2325 1779 2398 Parn-

484 2420 625 2493 tionem
644 2420 811 2520 erigitur.
1166 2421 1257 2511 mei,
1273 2421 1453 2520 possidete
1482 2427 1761 2522 praepanitumn

478 2539 516 2623 g,
544 2520 627 2593 Sint
642 2520 773 2593 lumbi.
799 2522 874 2593 lxx.
1166 2519 1383 2619 bisregnum
1397 2526 1778 2597 aconstitutionemun·

715 2627 840 2698 Lectio
859 2626 912 2695 ix.
1166 2619 1218 2691 di.
1251 2620 1393 2693 Esurivi
1426 2621 1544 2711 enim,
1580 2637 1617 2697 et
1653 2622 1772 2696 dedistis.

569 2744 638 2792 uon
651 2733 708 2791 est
717 2716 909 2819 fastigium
922 2712 1134 2789 construen-
1167 2718 1258 2792 mihi
1284 2719 1511 2794 manducdre
1531 2750 1539 2793 :
1560 2722 1666 2813 sitiri,
1683 2720 1760 2795 etde·

480 2736 630 2951 Odae
642 2817 925 2916 fibricae‚quum
940 2816 1134 2888 molimur?
1166 2817 1269 2891 distis
1286 2818 1376 2891 mihi
1400 2817 1542 2894 bibere.

580 2944 655 3017 quo
739 2918 954 2990 rvenuirum
986 2930 1043 2989 est
1074 2939 1133 2987 ca·
1163 2933 1199 3014 ns.
1223 2920 1293 2991 lste
1318 2932 1372 2991 est
1388 2920 1450 3016 qui
1474 2935 1573 2994 ante.
1594 2922 1674 2995 lxix.

482 3017 619 3091 ciunen
648 3044 678 3091 ae
707 3016 830 3090 isicii?
852 3018 935 3089 Cito
948 3014 1050 3099 dico,
1075 3038 1132 3085 us·
1380 3021 1503 3091 Lectio
1520 3024 1595 3114 viij.

482 3142 555 3216 que
571 3118 620 3191 nd
637 3117 879 3215 conspectum
891 3115 972 3188 Dei.
992 3105 1132 3188 Videtis
1183 3129 1263 3188 Nun
1276 3129 1314 3189 et
1326 3116 1570 3215 reproborum
1584 3116 1758 3191 duosibilu

482 3243 597 3316 quam
614 3216 801 3292 excelsum
819 3230 892 3305 est,
916 3228 1058 3313 quanta
1074 3238 1132 3285 res
1237 3216 1337 3288 turos
1355 3217 1525 3308 ordines,
1545 3219 1692 3291 Domino
1708 3240 1756 3287 nar·

479 3332 537 3391 est
553 3317 771 3416 conspicere
787 3319 923 3389 Deum.
945 3314 1016 3407 Qui
1036 3311 1128 3385 desi·
1163 3311 1288 3406 riute,
1308 3316 1554 3413 comperimus
1575 3346 1583 3389 :
1602 3343 1704 3389 unum
1719 3316 1756 3385 eo

480 3418 606 3509 derat,
633 3431 673 3490 et
691 3415 793 3514 quod
811 3416 922 3500 dico,
958 3427 997 3485 et
1029 3412 1129 3511 quod
1163 3440 1264 3503 rum,
1296 3415 1359 3513 qui
1389 3414 1478 3488 fidei
1504 3412 1697 3489 christiane
1711 3437 1755 3508 ny·

478 3516 602 3604 audit,
650 3515 838 3615 intelligit.
895 3512 1130 3585 Promittitur
1161 3516 1280 3587 ste'riis
1295 3514 1447 3604 initiato,
1469 3516 1582 3613 opera
1594 3516 1676 3588 ndei
1692 3536 1756 3585 eret·

478 3616 586 3691 nobis
601 3617 822 3714 conspectus
845 3614 931 3692 Dei,
947 3612 1025 3684 reri
1040 3611 1124 3699 Dei,
1162 3608 1244 3686 cere
1257 3614 1518 3699 contemnunt,
1539 3614 1706 3714 quibusin
1722 3613 1756 3707 ju

475 3717 614 3790 summi
646 3717 727 3788 Dei.
765 3717 844 3785 lloc
870 3713 971 3785 euim
989 3711 1128 3784 bonum
1161 3712 1257 3785 dicio
1285 3714 1439 3787 testitur
1460 3743 1467 3786 :
1489 3714 1755 3792 Disce'uliteane,

475 3831 553 3903 est,
573 3815 764 3888 videntem
790 3812 930 3885 sidere.
951 3811 1047 3883 Nam
1064 3810 1127 3908 qui
1162 3812 1364 3899 maledieti,
1390 3814 1428 3883 in
1454 3814 1576 3914 ignem
1594 3809 1755 3887 eternum.

475 3916 606 3989 coluut
637 3915 753 3988 falsos
781 3912 893 3998 dens,
912 3904 1023 3983 sicile
1046 3910 1127 3982 illos
1161 3913 1224 4009 qui
1249 3907 1472 4010 pnepunitus
1495 3928 1551 3986 est
1573 3911 1758 3987 diibol0,et

474 4014 628 4088 rident:
647 4014 713 4087 sed
725 4039 790 4086 eos
801 4010 943 4086 vident.
960 4010 1024 4106 qui
1042 4010 1125 4081 dcu-
1159 4012 1300 4111 zingelis
1325 4011 1402 4107 ejus
1425 4038 1433 4081 :
1454 4013 1586 4084 esurivi
1609 4013 1758 4118 enimgd

475 4114 530 4187 los
546 4112 713 4203 habeut,
746 4127 878 4186 etnon
898 4108 1126 4180 ridentNo
1160 4136 1235 4183 non
1257 4109 1406 4183 dedistis
1443 4111 1533 4183 milri
1563 4111 1756 4183 manducare

473 4212 674 4285 bisantem
690 4210 923 4311 promittitur
949 4207 1041 4280 risio
1058 4208 1126 4280 Dei
1159 4210 1324 4282 Alterum
1354 4210 1510 4299 eorum,
1539 4211 1601 4308 qui
1625 4208 1759 4280 sidenrt

472 4312 630 4385 visentis
646 4326 685 4385 et
703 4311 874 4383 ridentis.
1161 4309 1333 4407 mysteria
1349 4308 1483 4381 Christi
1510 4311 1567 4381 vel
1597 4323 1757 4403 numqua!

471 4424 530 4490 Te
548 4414 668 4485 Deum
699 4409 906 4483 tundimus.
933 4409 987 4477 li.
1159 4408 1364 4504 suscepere,
1405 4407 1464 4479 vel
1499 4401 1694 4505 susce'ptum
1717 4422 1758 4498 pfl

598 4526 633 4590 23.
667 4509 774 4583 titt
799 4502 995 4581 uotum
1158 4506 1378 4604 apostasiam
1409 4505 1603 4579 deseruere
1624 4498 1759 4599 :dequi-

644 4644 711 4713 prn
730 4615 946 4689 Abbatibus,
1159 4605 1227 4678 bus
1251 4605 1370 4678 dicit:
1391 4606 1600 4698 Qulaulem
1630 4620 1758 4676 nonem·

547 4712 673 4787 leutii»
703 4710 823 4783 snued
852 4708 1048 4809 Evangelii
1156 4704 1228 4792 dit,
1241 4699 1517 4801 jamjudicdtus
1533 4719 1588 4778 est
1602 4733 1611 4775 :
1625 4703 1757 4808 quianpf

570 4809 776 4883 secundum
792 4808 1021 4882 llatthaeum.
1156 4804 1276 4878 credit
1291 4806 1329 4877 in
1343 4804 1494 4876 nomine
1525 4797 1691 4905 unigeniti
1705 4794 1755 4869 lili

571 4920 694 4990 lectio
722 4918 782 5012 xij.
806 4914 896 5008 (trp.
922 4907 1028 4981 tad
1156 4905 1237 4977 Dei.

513 5009 614 5085 uilio
644 5007 811 5106 limpore
841 5037 851 5078 ε
880 5008 981 5079 Dixit
992 5008 1123 5078 Petrus
1155 5022 1191 5104 ις.
1214 5000 1436 5077 Sintlumbi.
1458 5002 1530 5075 lxx.

476 5029 572 5206 lad
587 5110 719 5182 lesum
740 5109 859 5179 :Eue
880 5131 949 5179 uos
965 5104 1123 5202 reliqui·
1383 5109 1507 5180 Lectio
1522 5109 1567 5178 ix.

478 5238 558 5292 uns
576 5209 724 5284 (mitris.
741 5221 780 5280 et
795 5207 910 5279 secuti
924 5229 1053 5278 sumus
1068 5218 1118 5276 te:
1274 5225 1322 5273 uu
1341 5198 1400 5273 his
1425 5225 1512 5273 cum
1531 5195 1650 5273 timone
1662 5205 1693 5265 et
1708 5208 1752 5285 pi·

483 5304 1117 5424 pfdergmerituobislsstmliqua.
1242 5298 1328 5374 nire
1353 5299 1479 5374 de'bito
1496 5296 1665 5399 purdisper
1676 5308 1750 5363 con·
