4509 6209
453 669 500 740 60
880 662 986 732 Feria
1005 663 1111 732 tentia
1132 662 1179 734 ad
1200 664 1354 735 Laudes.

453 807 490 880 si
509 806 700 899 esuriero,
729 829 807 880 non
829 804 954 879 dicam
980 805 1047 879 tibi
1070 806 1112 879 t*
1147 801 1312 880 Dilexisti
1337 807 1465 881 ‹imnia
1492 806 1610 881 verba
1637 806 1783 906 pnaecipi·
1829 790 1830 881 l

452 931 560 979 meus
583 918 641 979 est
655 906 759 980 enim
776 904 878 980 orbis
904 919 1042 997 term,
1075 919 1113 979 et
1148 905 1296 979 tatidnis
1313 964 1322 997 ,
1342 907 1358 937 *
1375 907 1504 1007 lingua
1533 906 1678 980 doldsa.
1828 886 1830 983 l

454 1005 648 1167 {lenitudo
678 1007 770 1104 ejus.
1149 1000 1348 1103 Propterea
1379 1007 1479 1080 Deus
1503 1005 1678 1080 'destinet
1705 1017 1738 1079 te
1755 1005 1786 1078 in

456 1148 463 1168 ·.
477 1100 646 1203 ‘nmquid
691 1101 930 1177 manducdbo
980 1128 1112 1177 carnes
1146 1101 1263 1176 finem
1281 1107 1319 1176 2*
1332 1104 1529 1194 evellens,
1549 1118 1590 1178 et
1602 1102 1789 1204 emigm'hit

454 1203 693 1276 taunimm‘l
738 1202 754 1232 *
793 1215 860 1275 aut
889 1202 1111 1303 sanguinem
1147 1215 1183 1274 te
1200 1200 1248 1275 de
1266 1202 1508 1278 tabemaiculo
1527 1217 1594 1278 tuo
1617 1231 1627 1276 ε
1653 1217 1693 1277 et
1708 1201 1787 1276 mdi-
1829 1266 1830 1279 ,

454 1301 648 1375 hircinum
678 1300 848 1401 potabo?
1145 1325 1227 1375 cem
1242 1314 1343 1376 tuam
1362 1303 1409 1376 de
1427 1316 1528 1377 tetta
1543 1302 1760 1376 viventium.

456 1399 614 1474 lmmola
628 1404 707 1475 Deo
721 1398 949 1474 sacrificium
967 1399 1109 1473 laudis:
1147 1394 1340 1476 Vide‘bunt
1360 1402 1476 1502 justi,
1509 1414 1548 1475 et
1583 1399 1786 1489 timebunt,

453 1503 468 1530 *
484 1515 522 1574 et
539 1500 653 1574 redde
666 1499 854 1573 Altissimo
867 1512 955 1571 vota
972 1513 1049 1571 tua.
1145 1510 1185 1571 et
1204 1524 1420 1599 supereum
1451 1498 1661 1590 ridebunt,
1684 1513 1721 1573 et
1745 1498 1789 1573 di·

455 1597 503 1673 tlt
526 1599 659 1673 invoca
675 1623 737 1671 me
756 1598 795 1670 in
820 1596 882 1670 die
905 1596 1112 1671 tribulatid·
1145 1612 1262 1673 cent:
1289 1602 1304 1631 *
1332 1603 1430 1673 Ecce
1456 1599 1599 1689 homo,
1634 1598 1699 1697 qui
1725 1622 1789 1671 non

455 1700 513 1771 nis
536 1727 543 1771 :
567 1700 583 1728 *
609 1699 738 1772 eruam
758 1711 795 1771 te
812 1753 821 1789 ‚
841 1710 880 1769 et
895 1695 1114 1770 honorifici·
1145 1697 1268 1858 Edsuit
1283 1700 1404 1773 Deum
1417 1698 1630 1798 adjutdrem
1644 1720 1769 1771 suum:

455 1797 513 1870 bis
530 1822 603 1871 me.
1049 1889 1051 1894 Ι
1172 1795 1217 1868 ed
1238 1798 1399 1896 spes-tivit
1414 1799 1454 1871 in
1480 1794 1723 1870 multitidine
1746 1794 1789 1868 di

452 1893 645 1970 l'eccatdri
673 1909 800 1968 autem
826 1894 921 1968 dixit
949 1897 1049 1968 Deus
1070 1921 1077 1967 :
1097 1895 1112 1924 *
1145 1895 1320 1969 vitianum
1338 1897 1490 1971 sueinum
1508 1900 1543 1970 :¹
1559 1909 1599 1970 et
1614 1892 1790 1994 pmvdlull

456 1995 579 2090 Quare
597 2010 638 2069 tu
651 1996 804 2068 enarras
814 1992 978 2093 justitias
995 2018 1110 2084 meas,
1146 1994 1186 2066 in
1204 1997 1369 2070 vanitate
1386 2020 1466 2070 sua.

456 2110 495 2168 et
513 2095 669 2169 assumis
691 2093 960 2166 testamentum
984 2117 1112 2167 meum
1145 2088 1225 2193 Ego
1247 2109 1401 2186 autem,
1433 2096 1530 2169 sicut
1558 2092 1660 2167 oliva
1682 2090 1791 2167 tmct

504 2219 580 2267 ros
608 2193 752 2266 tuum?
1147 2192 1226 2265 sera
1242 2193 1282 2266 in
1303 2193 1418 2267 domo
1442 2195 1509 2268 llei
1526 2249 1536 2284 ,
1556 2193 1573 2223 *
1597 2192 1789 2291 spemviit

456 2292 515 2366 ¹‘u
539 2318 628 2366 vero
660 2290 771 2364 odisti
801 2290 1039 2390 disciplinam
1067 2317 1075 2361 ε
1099 2291 1114 2318 *
1147 2292 1402 2367 misericerdia
1425 2294 1492 2367 llei
1525 2292 1566 2364 in
1582 2292 1787 2366 tetemum:

456 2406 494 2465 et
512 2391 699 2491 projecisti
716 2391 907 2478 sermdnes
936 2414 1040 2463 meos
1059 2413 1113 2463 re·
1147 2392 1242 2464 etin
1259 2392 1434 2466 saeculum
1460 2390 1597 2466 secuti.

457 2492 633 2564 trdrsum.
1149 2485 1365 2564 confitebor
1384 2491 1505 2565 tibiin
1523 2487 1790 2587 saeculumquia

454 2588 493 2661 Si
510 2588 663 2663 viddbas
679 2589 818 2675 funem,
835 2586 1011 2660 cuntibus
1028 2610 1114 2659 cum
1148 2590 1266 2663 fecisti
1287 2617 1295 2662 :
1314 2591 1330 2621 *
1360 2603 1399 2664 et
1424 2586 1632 2689 expectabo
1666 2608 1807 2679 noman¹

457 2713 502 2762 eo
523 2717 531 2761 :
552 2690 567 2720 *
593 2703 631 2762 et
655 2712 742 2761 cum
773 2685 952 2760 addltctis
978 2686 1115 2786 pontid·
1149 2703 1256 2762 tuum
1278 2746 1286 2778 ,
1313 2690 1492 2788 qudniam
1510 2687 1656 2761 bouum
1686 2698 1741 2760 eat
1760 2686 1791 2759 in

456 2813 543 2861 nem
563 2802 667 2861 tuam
680 2784 859 2886 ponebas.
1149 2788 1350 2888 conspe'ctu
1371 2789 1588 2862 sanctdrum
1612 2785 1771 2859 tuntum.

457 2884 508 2959 lis
526 2901 633 2960 tuum
651 2884 859 2959 abundavit
888 2882 1031 2957 malitia
1065 2883 1116 2956 :*
1153 2877 1244 2948 dila·
1282 2890 1382 2961 lleus
1418 2887 1576 2963 detrun
1624 2883 1791 2959 Dumium

457 2999 496 3059 et
525 2986 656 3087 lingua
685 2999 753 3059 tua
770 2982 1023 3058 concinnabat
1051 2982 1115 3056 do·
1149 2983 1295 3061 locutus
1316 3001 1373 3061 est
1535 3037 1537 3041 -

455 3085 523 3157 los.
1198 3079 1267 3148 Pei·
1285 3075 1433 3148 vfluuum
1452 3135 1459 3154 ,
1483 3076 1517 3153 l.
1543 3079 1709 3156 Immola
1727 3080 1792 3155 Deo

453 3180 596 3257 Sedens
625 3181 802 3256 adversus
819 3181 978 3254 iratrcm
1009 3192 1116 3251 tuum
1149 3183 1377 3257 sacrificium
1404 3181 1539 3256 laudis.
1558 3186 1597 3272 Fl-
1626 3182 1679 3255 Et
1694 3176 1792 3255 redte

456 3282 701 3381 loquebaris,
723 3294 761 3354 et
791 3279 967 3353 adversus
992 3278 1116 3350 filium
1148 3280 1437 3356 Altissimovota
1454 3297 1530 3357 tua.
1797 3354 1801 3361 .

456 3383 587 3456 matris
606 3396 678 3455 tuoe
691 3379 857 3480 ponebas
871 3376 1113 3452 scandalum:
1201 3376 1267 3444 l'tu
1296 3399 1371 3446 unu
1405 3375 1593 3471 llartyre,
1624 3376 1662 3453 i:
1688 3375 1792 3454 Posui

457 3484 472 3509 *
489 3481 568 3556 hacc
585 3481 706 3554 fecisti
725 3537 733 3569 ‚
755 3493 794 3552 et
810 3479 923 3551 tacui.
1149 3479 1221 3570 sti,
1241 3478 1422 3570 Dtimine,
1443 3504 1556 3577 super
1582 3492 1701 3579 caput
1714 3478 1790 3577 ejus.

456 3577 684 3654 llxistimtsti
703 3579 830 3676 inique
848 3576 949 3676 quod
966 3600 1031 3648 eno
1061 3573 1115 3646 tui
1151 3583 1186 3668 us·
1212 3580 1399 3653 Cordnam
1416 3578 1465 3652 de
1481 3578 1607 3679 lapide
1631 3578 1789 3703 pretium.

456 3679 615 3752 similis:
642 3680 658 3709 *
689 3679 846 3776 airpuam
881 3690 939 3766 te,
969 3688 1009 3747 et
1049 3674 1117 3746 sta·
1199 3673 1268 3741 Pru
1292 3671 1459 3767 pluribus
1479 3672 1606 3759 Mart,
1629 3698 1665 3751 t'-
1703 3672 1792 3749 Extil·

458 3791 561 3851 tuam
588 3743 869 3850 contradiciem
884 3789 1001 3849 tuam.
1150 3789 1232 3850 tent
1248 3776 1333 3872 justi
1356 3777 1396 3849 in
1425 3775 1630 3877 conspe'ctu
1654 3774 1733 3850 Dei.
1760 3782 1787 3861 t'·

460 3874 658 3977 intelligite
680 3874 759 3947 haec
776 3875 840 3972 qui
855 3870 1116 3946 obliviscimini
1148 3876 1198 3948 Et
1212 3874 1448 3949 delectentur
1472 3875 1513 3947 in
1532 3874 1677 3948 laetitia.

457 3978 578 4048 lleum
611 4002 619 4046 τ
647 3972 886 4069 *nequando
908 3972 1056 4070 ripiat,
1079 3984 1118 4043 et
1197 3970 1267 4038 Pro
1299 3970 1405 4039 tlonl.
1448 3972 1573 4057 l‘ont.,
1614 3970 1651 4047 l.
1684 3970 1727 4046 El
1755 3970 1789 4069 ‚t

457 4073 601 4147 nonsit
621 4072 684 4170 qui
708 4071 852 4169 eripiat.
1149 4098 1235 4146 cum
1250 4074 1433 4146 lldminus
1455 4071 1691 4146 sacerdtitem

457 4172 695 4246 Sacrificium
713 4168 834 4242 laudis
851 4167 1118 4241 honorificdbit
1150 4178 1186 4263 d·
1211 4170 1268 4244 Ad
1290 4170 1580 4246 sacrificdndum
1597 4173 1633 4245 ei
1651 4170 1788 4245 hitaliam

457 4297 519 4345 mc
540 4299 548 4344 :
569 4272 584 4301 *
610 4282 649 4344 et
670 4269 746 4341 illic
769 4269 864 4357 iter,
891 4292 967 4365 quo
1000 4268 1117 4340 osteu-
1149 4269 1282 4345 laudis.

457 4371 547 4444 dam
565 4368 618 4443 illi
643 4368 806 4442 salutdre
827 4366 908 4439 llci.
1198 4366 1268 4434 Pru
1305 4364 1411 4435 Conl'.
1448 4389 1524 4437 non
1553 4369 1663 4441 Pont.
1700 4367 1732 4441 l.
1751 4363 1788 4439 0⁵

662 4460 827 4536 Psulmus
846 4466 905 4531 51.
1144 4466 1235 4566 justi
1253 4467 1498 4542 meditdbitur
1514 4468 1743 4567 sapientiam.
1756 4470 1782 4554 t'·

540 4592 597 4640 um
630 4566 802 4667 gloriiris
832 4565 873 4637 in
898 4563 1068 4652 malitia,
1100 4563 1116 4593 *
1149 4568 1197 4640 Et
1210 4567 1340 4669 lingua
1376 4568 1456 4667 ejus
1497 4567 1676 4667 loquetur
1709 4558 1788 4664 judl-

461 4573 539 4784 Ο
573 4665 610 4737 ui
628 4679 809 4765 potenses
823 4665 862 4737 iu
883 4662 1113 4761 iniquitate?
1151 4667 1265 4755 cium.

565 4777 630 4836 ota
662 4762 724 4837 die
740 4763 961 4861 injustitiam
981 4761 1117 4861 cogiti-
1201 4762 1268 4832 Pm
1282 4784 1358 4833 una
1373 4761 1523 4854 Sancta,
1546 4764 1582 4840 l.
1608 4756 1785 4862 Adjusiblt

460 4861 514 4934 vit
530 4860 660 5032 nullm
679 4875 744 4934 tua
767 4864 806 4933 z*
823 4863 919 4935 sicut
936 4860 1119 4934 nanicula
1152 4888 1235 4936 eam
1252 4865 1352 4937 Deus
1367 4863 1475 4937 vultu
1497 4888 1579 4937 suo.
1595 4874 1633 4959 td·
1653 4855 1782 4938 Dauid

459 4959 571 5059 acuta
610 4957 712 5032 ecisti
729 4958 872 5032 dolum.
1152 4962 1276 5038 mc'dio
1291 4962 1383 5062 cjus,
1400 4959 1777 5038 noncommovtbiur·

457 5055 627 5132 llilexisti
639 5058 822 5130 malitiam
832 5056 1119 5158 supcrbcnigni·
1335 5059 1399 5134 Al)
1418 5061 1618 5138 munus.
1752 5148 1758 5165 ¹

461 5156 579 5231 ttitem
615 5156 669 5229 τ’
701 5156 938 5254 iniquitutem
967 5158 1115 5260 magis,
1203 5155 1412 5253 insuete,
1447 5162 1629 5250 lltimine,
1660 5157 1775 5255 iniqu

460 5280 575 5353 quam
598 5254 700 5357 loqui
736 5254 963 5355 tequititem.
1154 5258 1270 5333 taitcm
1297 5285 1434 5335 meam.
1455 5260 1513 5331 l's.
1537 5259 1715 5336 asserere.
1730 5250 1774 5329 ld·
