4509 6209
959 674 1123 749 Sabbata
1137 678 1184 750 ad
1205 676 1440 751 Matutinurn.
1806 681 1878 752 ⁴03

513 821 567 889 Et
595 813 716 887 lariti
738 826 828 889 sunt
849 815 937 913 quia
966 812 1179 888 siluerunt:
1216 814 1406 907 cantabo,
1436 829 1475 891 et
1501 816 1659 917 psallam
1688 816 1728 891 in
1757 817 1877 918 gliria

519 918 590 988 'et
615 911 775 987 deduxit
800 938 862 987 eos
888 914 928 987 in
946 925 1099 1012 portum
1127 938 1185 986 ru
1217 939 1315 989 mea.

517 1013 677 1087 luntatis
694 1011 839 1087 ebrum.
1219 1012 1369 1134 Exurge
1396 1012 1517 1115 gluria
1553 1039 1666 1105 mea,
1706 1012 1873 1118 exurge,

514 1111 781 1185 Confiteaintur
795 1112 958 1187 Drimino
982 1112 1186 1189 misericrir·
1217 1113 1461 1212 psalterium,
1499 1126 1538 1187 et
1562 1113 1706 1187 cithara
1735 1143 1744 1188 :
1773 1116 1788 1146 *
1815 1141 1874 1188 ex·

515 1210 590 1285 diae
608 1211 714 1310 ejus:
731 1214 746 1243 *
765 1223 804 1285 et
829 1210 1018 1287 mirabilia
1038 1214 1118 1313 ejus
1138 1211 1183 1287 fi·
1218 1211 1352 1313 urgam
1366 1210 1545 1284 diluculo.

515 1311 577 1384 liis
593 1309 808 1383 huminum.
1218 1310 1435 1384 llonfitebor
1460 1311 1528 1383 tibi
1546 1311 1585 1382 in
1612 1309 1781 1409 pripulis‚
1805 1311 1875 1386 Dt-

517 1414 560 1482 Ft
571 1409 742 1483 exaltent
767 1434 854 1483 eum
879 1409 918 1482 in
937 1409 1092 1485 ecclisia
1108 1413 1184 1511 ple·
1217 1411 1319 1483 mine
1340 1437 1348 1481 :
1368 1411 1439 1483 *et
1466 1409 1621 1509 psallam
1654 1410 1721 1485 tibi
1750 1412 1789 1484 in
1816 1436 1877 1484 na·

517 1508 575 1582 bis
598 1537 606 1579 :
627 1513 642 1538 ¹
674 1522 713 1581 et
736 1508 776 1580 in
794 1508 974 1583 cathedra
991 1512 1182 1586 senilirum
1217 1508 1396 1583 titinibus.

516 1606 678 1681 laudent
702 1632 802 1681 eum.
1217 1609 1313 1702 Quia
1340 1631 1479 1707 magna
1524 1620 1581 1680 est
1622 1631 1734 1707 super
1763 1610 1874 1683 coelos

514 1705 651 1793 Prisuit
680 1705 837 1779 flumina
862 1707 901 1781 in
929 1700 1118 1784 dese'rtum
1138 1767 1147 1801 ‚
1167 1711 1182 1741 *
1216 1706 1473 1781 miseriebrdia
1487 1720 1552 1779 tua
1573 1735 1580 1778 :
1597 1707 1665 1780 *et
1692 1709 1873 1805 usquead

517 1819 557 1879 et
569 1807 693 1879 exitus
718 1807 902 1904 aquarum
920 1806 960 1880 in
973 1808 1074 1881 sitim
1097 1837 1105 1880 :
1217 1806 1335 1879 nubes
1348 1805 1485 1880 ve'ritas
1503 1818 1581 1878 tua.

516 1911 678 1979 'l'erram
706 1905 944 1980 fructiferam
966 1907 1004 1979 in
1030 1905 1182 2008 salsugi·
1220 1905 1390 1977 llxaltaire
1403 1928 1514 2003 super
1530 1903 1667 1994 coelos,
1692 1905 1791 1978 Deus
1811 1962 1819 1995 ,
1837 1921 1875 1979 et

516 2028 608 2077 nem
623 2062 633 2094 ,
650 2009 666 2034 ¹
685 2030 707 2077 a
724 2004 868 2081 malitia
884 2004 1181 2084 inhabitantium
1215 2029 1327 2104 super
1343 2028 1495 2078 omnem
1511 2017 1649 2075 terram
1662 2001 1780 2102 glriria
1795 2018 1871 2077 tua:

518 2104 557 2177 in
579 2128 640 2177 ea.
1216 2107 1231 2135 *
1245 2118 1286 2176 ut
1303 2102 1510 2179 liberentur
1526 2100 1651 2174 dile‘cri
1669 2103 1735 2175 tui.

516 2202 644 2277 tusuis
659 2201 850 2280 dese'rtum
868 2203 910 2275 in
926 2217 1060 2302 stagna
1073 2204 1184 2302 aquai·
1216 2203 1369 2275 salvum
1384 2202 1442 2273 fac
1459 2201 1613 2273 dextera
1635 2215 1701 2273 tna
1719 2259 1728 2290 ‚
1749 2216 1787 2274 et
1808 2227 1876 2274 ex-

520 2327 605 2375 rum
624 2330 632 2374 :
654 2304 724 2377 *et
752 2317 891 2376 terram
917 2303 998 2376 sine
1016 2328 1114 2402 aqua
1142 2305 1182 2375 in
1215 2301 1303 2374 audi
1322 2325 1383 2373 me
1405 2328 1413 2371 :
1433 2301 1448 2329 *
1473 2302 1573 2373 Deus
1600 2298 1746 2373 locutus
1759 2315 1816 2375 est
1833 2302 1872 2373 in

518 2401 640 2474 e'xitus
658 2403 857 2500 aquarum.
1215 2414 1344 2474 sancto
1358 2425 1438 2472 suo.

519 2505 566 2574 Et
597 2499 794 2575 collocarit
823 2500 899 2574 illic
915 2500 1118 2573 esurientes
1138 2527 1147 2572 :
1167 2502 1181 2529 *
1218 2493 1461 2586 l·'arultrib0,et
1474 2495 1638 2570 dividam
1654 2496 1871 2587 Sicbimam3

518 2613 555 2673 et
570 2599 851 2675 constituerunt
866 2599 1055 2673 civitatem
1076 2599 1180 2672 habi·
1215 2600 1286 2672 *et
1311 2591 1517 2671 convallem
1545 2595 1872 2671 tabernaculrirurn

522 2697 684 2772 tatianis.
1215 2697 1402 2772 dimetiar.

521 2800 568 2872 Et
580 2797 1006 2897 seminaveruntagros‚
1027 2810 1065 2875 et
1078 2797 1182 2917 plan·
1220 2802 1332 2870 „lleus
1361 2809 1418 2873 est
1440 2792 1599 2884 Galam,
1620 2807 1658 2867 et
1686 2818 1793 2868 meus
1818 2808 1874 2867 est

523 2897 697 2971 taverunt
722 2897 849 2971 vineas
874 2900 918 2969 τ’
948 2909 986 2971 et
1010 2896 1184 2971 fecerunt
1216 2895 1407 2968 lllanaisses
1423 2921 1431 2966 ε
1450 2895 1467 2924 *
1494 2906 1532 2966 et
1547 2891 1729 2992 Ephraim
1755 2894 1872 2967 susce·

523 2997 689 3069 fructum
708 2995 923 3071 nativitatis.
1169 3018 1173 3026 ·
1216 2995 1299 3094 ptio
1318 2993 1450 3092 caipitis
1469 2991 1558 3065 mei.

524 3101 570 3169 tlt
593 3093 787 3170 benedixit
816 3096 895 3186 eiS,
929 3109 967 3169 et
997 3094 1184 3191 multipli-
1217 3093 1320 3166 luda
1348 3118 1413 3166 rex
1444 3115 1549 3164 meus
1576 3091 1619 3164 z*
1640 3089 1751 3166 Moab
1772 3089 1872 3166 lebes

525 3194 595 3269 atti
618 3208 709 3268 sunt
739 3195 850 3268 nimis
879 3221 887 3267 :
913 3195 929 3225 *
954 3207 994 3268 et
1009 3194 1184 3293 jumenta
1219 3193 1295 3291 spei
1321 3216 1425 3265 meae.

526 3291 653 3367 uirum
679 3318 756 3366 non
784 3293 997 3367 minoravit.
1220 3298 1266 3365 ln
1285 3290 1487 3364 ldumaeam
1514 3280 1714 3364 extendam
1739 3290 1876 3363 calcea·

529 3394 696 3492 lltpauci
712 3393 802 3467 facti
822 3406 934 3466 sunt:
955 3394 970 3421 *
997 3405 1036 3466 et
1060 3390 1183 3464 vexati
1218 3383 1391 3463 me'ntum
1421 3414 1548 3463 meum
1581 3416 1589 3461 :
1619 3391 1633 3416 ²
1667 3388 1761 3461 mihi
1788 3389 1873 3462 alie·

529 3506 611 3565 sunt
641 3516 666 3565 a
689 3489 929 3571 tribulatitine
964 3487 1180 3581 malinam,
1217 3487 1364 3588 nigenae
1388 3487 1499 3561 amici
1525 3488 1618 3561 facti
1644 3501 1745 3561 sunt.

531 3589 717 3664 etdolure.
1219 3589 1309 3684 Quis
1332 3584 1494 3661 deducet
1522 3611 1583 3660 me
1613 3586 1653 3658 in
1683 3579 1870 3659 civitatem

532 3687 1185 3788 illusaestconte'mptiosuperprin·
1218 3686 1436 3760 munitam?
1463 3691 1478 3716 *
1508 3687 1591 3784 quis
1625 3684 1786 3759 dedricet
1811 3709 1871 3757 me

535 3788 623 3885 cipes
643 3791 686 3862 ε*
712 3803 752 3865 et
777 3790 903 3863 erraire
930 3788 1023 3861 fecit
1053 3812 1117 3861 eos
1144 3789 1183 3860 in
1218 3788 1393 3885 usquein
1416 3784 1651 3859 Idumaeam?

536 3883 624 3960 intio
643 3945 653 3977 ‚
673 3902 712 3962 et
728 3912 806 3963 non
826 3888 866 3960 in
883 3888 957 3960 via.
1220 3891 1350 3958 Nonne
1368 3899 1431 3973 tu,
1450 3886 1572 3974 Deus,
1605 3883 1669 3980 qui
1705 3881 1870 3983 repulisti

540 3985 944 4086 lltadjriritpiuperem
961 3983 1009 4058 de
1026 3981 1152 4081 insipia
1173 4011 1181 4056 :
1220 4008 1299 4074 nos,
1327 3986 1398 4055 *et
1423 4007 1500 4054 non
1527 3981 1668 4074 exibis,
1689 3984 1805 4071 Deus,
1829 3983 1868 4053 in

541 4082 735 4206 *etpa'tsuit
749 4086 845 4158 sicut
868 4109 954 4158 oves
981 4082 1155 4155 familias.
1218 4080 1416 4155 virtutibus
1438 4083 1603 4154 nostris?

545 4182 715 4259 lidebant
733 4184 851 4273 recti,
872 4197 911 4257 et
929 4179 1181 4257 laetabrintur:
1223 4189 1274 4254 lta
1300 4181 1410 4255 nobis
1440 4180 1620 4254 auxilium
1645 4178 1692 4252 de
1710 4175 1872 4250 tribula-

546 4279 607 4356 ‘at
641 4285 763 4361 omnis
795 4281 974 4380 iniquitas
1003 4280 1186 4380 oppilabit
1219 4281 1321 4395 ticine
1356 4309 1363 4353 :
1400 4282 1415 4310 *
1434 4282 1524 4379 quia
1561 4303 1658 4352 rana
1682 4276 1782 4350 salus
1807 4273 1870 4348 tat·

548 4401 702 4463 ossuum.
1218 4405 1345 4457 mrms.

550 4479 618 4569 iltis
629 4483 775 4581 sapiens
792 4539 801 4574 ,
821 4496 859 4564 et
876 4476 1060 4553 custudiet
1077 4480 1182 4572 baec,
1220 4487 1264 4552 ln
1294 4481 1373 4553 Deo
1403 4472 1585 4550 iaciemus
1609 4471 1786 4547 virtutem
1818 4503 1825 4545 :
1858 4476 1873 4502 *

550 4572 600 4652 ‘et
614 4582 793 4683 intelliget
811 4578 1084 4655 misericbrdias
1107 4578 1186 4653 Dci-
1219 4591 1257 4651 et
1279 4578 1357 4675 ipse
1382 4577 1430 4649 ad
1448 4575 1609 4649 nihilum
1627 4570 1788 4647 deducet
1805 4573 1871 4647 ini·

551 4677 652 4763 uini?
1220 4678 1336 4752 micas
1363 4689 1522 4750 nostros.

550 4772 619 4851 tna.
652 4776 769 4854 visita
801 4803 890 4870 n0S,
926 4776 1108 4871 himine,
1145 4777 1185 4851 in
1412 4777 1575 4851 l’sairnus
1610 4780 1693 4846 ¹108.

551 4871 678 4954 saturari
698 4892 777 4952 tuo.
1223 4896 1227 4902 ·
1299 4900 1381 4965 aas,
1414 4873 1565 4947 laudem
1589 4895 1714 4946 meam
1741 4894 1790 4944 ne
1817 4883 1869 4944 ta·

489 5042 491 5049 .
549 4969 619 5049 Aria.
641 4977 1043 5053 Coniite'borllrimino.
1256 5052 1271 5060 ,
1329 4971 1450 5047 crieris
1478 5001 1486 5045 ε
1514 4973 1530 5002 *
1558 4973 1647 5070 quia
1670 4995 1711 5044 os
1741 4995 1868 5067 pecca·

489 5128 492 5135 ·
719 5081 886 5156 Psalnms
906 5086 989 5153 lot,
1221 5070 1337 5164 triris,
1370 5087 1409 5147 et
1440 5097 1481 5145 os
1514 5070 1630 5147 dolrisi
1664 5092 1776 5170 super
1810 5093 1869 5143 me

489 5226 491 5265 :
551 5180 727 5348 psalmis
767 5199 833 5250 cor
879 5200 1006 5251 meum
1056 5176 1182 5263 Deus,
1221 5173 1392 5270 apertum
1423 5185 1491 5245 est.

489 5278 491 5285 '
572 5338 579 5352 .
639 5275 812 5374 paritum
853 5300 918 5350 cor
949 5299 1077 5351 meum
1125 5303 1133 5346 :
1170 5274 1185 5302 *
1223 5271 1352 5347 luculi
1382 5285 1471 5347 sunt
1496 5269 1693 5345 adve'rsum
1719 5291 1780 5341 me
1804 5265 1870 5340 lin·
