4509 6209
484 667 531 737 98
905 666 1066 742 Sabbata
1083 670 1130 742 ad
1149 671 1384 744 Matutinum.

477 802 778 893 Confessiinem‚
816 818 854 879 et
887 804 1062 878 decerem
1091 805 1145 877 in·
1182 802 1361 876 *montes
1378 800 1512 876 excelsi
1538 805 1658 878 cervis
1692 835 1701 879 :
1733 823 1821 908 petra

482 903 625 977 duisti:
658 905 674 934 *
704 903 864 977 amictus
879 903 1021 977 himine
1048 903 1146 979 sicut
1180 902 1369 1002 refiigium
1389 896 1603 976 heriniciis.

482 1002 732 1077 vestimento:
1175 1002 1286 1075 Fecit
1301 1001 1433 1074 lunam
1450 1001 1491 1074 in
1517 994 1691 1100 timpora
1718 1033 1726 1077 :
1750 1008 1822 1083 'sot

478 1100 695 1176 Extendens
708 1100 843 1174 coelum
860 1103 957 1175 sicut
972 1102 1108 1200 pellem
1132 1131 1140 1175 ε
1177 1098 1352 1200 cognivit
1376 1095 1551 1175 occisum
1567 1125 1697 1175 suum.

481 1202 577 1298 *qui
594 1203 688 1302 tegis
701 1202 806 1298 aquis
829 1202 1021 1298 superiira
1046 1201 1138 1300 ejus.
1172 1197 1327 1272 Posuisti
1346 1197 1548 1292 tenebras,
1579 1215 1619 1274 et
1649 1202 1754 1277 facta
1779 1221 1826 1281 est

473 1302 549 1396 Qui
600 1302 705 1398 ponis
755 1297 894 1372 nubem
944 1301 1141 1374 ascensum
1175 1321 1250 1370 nox
1284 1328 1293 1371 :
1329 1301 1344 1329 *
1374 1300 1413 1370 in
1447 1300 1528 1398 ipsa
1551 1301 1826 1399 pertransibunt

481 1413 589 1472 tuum
617 1427 626 1471 ε
660 1402 675 1430 *
714 1400 778 1496 qui
820 1397 992 1473 imbutas
1027 1425 1141 1499 super
1173 1421 1305 1471 omnes
1324 1395 1450 1471 bestiae
1468 1399 1581 1473 silvae.

480 1523 622 1596 pennas
637 1500 848 1571 ventbrum.
1172 1495 1295 1570 Uituli
1336 1494 1489 1570 leinum
1528 1490 1750 1598 rugientes,
1789 1516 1823 1577 ut

477 1598 552 1689 [tui
578 1598 671 1670 facis
688 1597 839 1696 ingelos
856 1611 939 1670 tuos
955 1597 1136 1696 spiritus:
1173 1590 1344 1693 rapiant,
1373 1599 1388 1627 *
1432 1611 1472 1669 et
1500 1613 1677 1695 quaerant
1701 1624 1725 1673 a
1757 1602 1821 1675 Deo

480 1696 492 1722 ‘
512 1711 550 1769 et
566 1697 755 1769 ministros
771 1710 871 1786 tuos,
887 1698 1014 1796 ignem
1029 1698 1137 1770 uren·
1172 1719 1296 1768 escam
1324 1694 1407 1768 sibi.

477 1808 566 1867 tem.
1169 1796 1283 1867 Ortus
1318 1809 1374 1868 est
1406 1794 1494 1886 sol,
1535 1809 1574 1869 et
1607 1794 1816 1897 congregiti

470 1892 729 1985 Quifundisti
746 1907 885 1966 terram
904 1893 1138 1992 superstabi-
1171 1907 1259 1966 sunt
1296 1922 1303 1966 :
1340 1897 1417 1966 'et
1445 1894 1485 1965 in
1524 1892 1717 1969 cubilibus
1757 1897 1816 1971 suis

477 1992 620 2067 lititem
635 2017 742 2066 suam
773 2020 781 2063 :
815 1995 830 2024 *
848 2018 925 2067 non
947 1993 1137 2067 inclinibi-
1170 1992 1468 2067 coltocabtntur.

478 2106 538 2164 tur
553 2094 591 2168 in
605 2092 780 2166 saeculum
799 2092 933 2165 saeeuli.
1165 2090 1295 2165 Exibit
1336 2091 1451 2165 homo
1477 2090 1527 2163 ad
1557 2116 1655 2190 opus
1677 2117 1812 2169 suum:

472 2191 663 2291 .·tbyssus,
700 2192 795 2264 sicut
841 2192 1131 2281 vestimentum,
1170 2189 1250 2264 *et
1269 2190 1318 2264 ad
1350 2189 1610 2308 operatiinem
1639 2217 1749 2267 suam
1769 2218 1812 2267 us

476 2292 635 2365 amictus
665 2292 773 2388 ejus:
803 2291 817 2320 *
844 2315 956 2388 super
990 2305 1135 2365 montes
1169 2315 1242 2388 que
1268 2290 1316 2363 ad
1329 2315 1539 2389 vesperum.

473 2389 627 2463 stabunt
643 2414 760 2488 aquae.
1166 2392 1291 2483 Quam
1318 2383 1562 2490 magnificius
1593 2404 1687 2465 sunt
1715 2389 1809 2490 «ipen

469 2490 530 2562 ,th
551 2490 806 2587 increpatiime
833 2502 898 2561 tua
922 2489 1069 2588 figient
1090 2517 1097 2562 :
1118 2490 1134 2518 *
1170 2500 1255 2579 tua,
1281 2487 1463 2563 Diminel
1497 2491 1512 2519 *
1542 2486 1675 2562 ‹imnia
1695 2489 1735 2563 in
1764 2515 1808 2565 sa·

474 2612 599 2662 avoee
616 2589 771 2661 tonitrui
787 2589 840 2660 tui
857 2587 1128 2662 formidibunt.
1167 2588 1309 2684 pientia
1353 2587 1472 2662 fecisti
1517 2615 1526 2659 ε
1569 2582 1727 2687 impleta
1767 2604 1807 2665 est

468 2688 689 2761 &scendunt
716 2700 881 2775 montes,
918 2701 957 2761 et
982 2687 1132 2761 descen-
1168 2699 1269 2760 terra
1294 2685 1524 2785 possessiine
1551 2700 1632 2759 tua.

472 2786 568 2860 (lunt
596 2787 719 2884 campi
752 2789 767 2817 *
799 2786 837 2858 in
868 2787 992 2859 locum
1018 2811 1131 2884 quem
1165 2790 1244 2859 Hoc
1274 2811 1378 2860 mare
1403 2810 1604 2887 magnum,
1635 2799 1676 2860 et
1698 2788 1806 2888 spatii

472 2885 639 2959 fundisti
656 2888 721 2960 eis.
1165 2909 1249 2957 sum
1275 2880 1480 2959 minibus:
1509 2887 1524 2916 *
1551 2884 1630 2959 illie
1655 2889 1802 2988 reptilia,

465 2986 689 3059 'feminum
717 2984 882 3082 posuisti,
913 3010 1026 3084 quem
1053 3011 1129 3059 non
1164 3009 1326 3082 quorum
1344 3010 1421 3058 non
1444 2998 1501 3058 est
1517 2982 1714 3059 ntimerus.

470 3085 792 3185 transgredientur
819 3113 826 3155 :
858 3087 874 3114 *
901 3109 1022 3183 neque
1048 3110 1132 3158 cun·
1161 3079 1350 3157 :inimilia
1375 3083 1509 3183 pusilla
1538 3108 1628 3158 eum
1646 3087 1799 3187 magnis:

469 3184 663 3257 vertentur
678 3184 824 3282 operire
841 3197 992 3255 terram.
1165 3182 1180 3209 *
1198 3182 1273 3255 illic
1291 3209 1403 3256 naves
1421 3182 1719 3281 pertransibunt.

464 3284 540 3375 Qui
567 3284 707 3357 emittis
738 3283 861 3355 fontes
891 3284 930 3354 in
960 3283 1130 3355 eonvilli·
1159 3287 1283 3354 Draco
1301 3283 1388 3374 iste,
1426 3308 1541 3381 quem
1567 3279 1740 3359 formiisti
1762 3283 1798 3357 ed

462 3380 567 3454 rbus:
596 3381 923 3454 *intermedium
942 3382 1128 3454 mintium
1162 3374 1397 3454 illude'ndum
1433 3383 1467 3455 ei
1502 3382 1552 3454 z*
1587 3382 1718 3457 ‹imnia
1740 3396 1798 3456 att

468 3480 876 3578 pertransibuntaquae.
1163 3473 1386 3577 expectant,
1422 3495 1467 3555 ut
1499 3481 1567 3554 des
1603 3481 1677 3555 illis
1695 3505 1796 3557 escam

468 3579 655 3653 l‘otibunt
670 3605 801 3652 omnes
824 3578 951 3652 bestie
976 3580 1085 3678 agri:
1112 3583 1127 3610 *
1161 3578 1201 3650 in
1220 3579 1401 3677 tempore.

457 3678 719 3778 'expectibunt
733 3678 862 3778 (magri
880 3680 919 3750 in
936 3680 995 3750 siti
1019 3704 1098 3751 sua.
1159 3684 1281 3751 [tante
1325 3693 1361 3752 te
1405 3679 1500 3770 iliis,
1542 3678 1721 3780 cilligent
1751 3684 1795 3751 τ’

462 3783 586 3876 Super
610 3803 655 3850 ea
684 3778 853 3852 vilueres
882 3776 964 3850 coeli
983 3778 1125 3851 habiti·
1161 3771 1352 3874 aperiente
1406 3792 1442 3852 te
1485 3803 1647 3852 manum
1678 3792 1793 3863 tuam,

467 3875 563 3949 bunt
582 3905 589 3948 :
610 3875 690 3950 *de
709 3876 830 3949 medio
847 3877 1039 3975 petrirum
1066 3876 1127 3949 da·
1160 3877 1287 3949 emnia
1301 3877 1559 3974 implebtintur
1581 3872 1758 3952 bonitite.

467 3973 563 4047 bunt
579 4000 701 4048 voees.
1157 3981 1181 4048 ,t
1190 3970 1359 4049 vertente
1391 3991 1518 4051 autem
1565 3991 1603 4051 te
1649 3971 1796 4051 ficiem.

462 4074 602 4174 itigans
629 4087 776 4146 montes
809 4073 855 4146 de
873 4075 1124 4171 superiiribus
1161 4075 1414 4150 turbabimur
1432 4105 1439 4148 ε
1456 4073 1628 4150 *iufeoes
1642 4074 1799 4176 spiritum

464 4175 539 4245 suis
577 4202 584 4245 :
613 4173 629 4203 *
659 4172 709 4249 de,
729 4173 856 4245 fructu
873 4174 1028 4270 (sperum
1048 4175 1124 4246 tuti
1158 4171 1307 4264 ebrum,
1337 4190 1375 4248 et
1391 4174 1594 4261 deficient,
1614 4189 1655 4251 et
1672 4175 1714 4250 in
1734 4171 1801 4274 pii·

463 4297 548 4345 rum
561 4271 759 4345 satieibitur
775 4286 887 4345 terra.
1157 4297 1283 4345 terem
1305 4299 1414 4346 suum
1450 4275 1700 4349 revertentur.

451 4371 675 4444 t‘rodticens
692 4372 838 4444 foenum
847 4371 1040 4468 jumentis,
1058 4371 1124 4445 *et
1155 4372 1312 4447 limittes
1354 4372 1527 4471 spiritum
1589 4388 1700 4449 tuum
1724 4429 1733 4463 ‚
1766 4380 1800 4443 et

453 4468 619 4542 *herbam
636 4471 802 4544 servittiti
816 4467 1013 4543 himinum
1035 4500 1043 4543 :
1156 4470 1387 4545 creabintur
1408 4501 1416 4545 :
1438 4476 1511 4547 *et
1532 4469 1733 4549 renova‘his
1750 4462 1798 4547 ἢ·

459 4568 659 4655 Ιίιεάιίοαε
675 4594 812 4666 panem
830 4568 877 4641 de
897 4583 995 4642 terra
1021 4598 1028 4640 :
1053 4569 1068 4599 *
1084 4583 1122 4642 et
1135 4550 1142 4615 !
1155 4571 1251 4642 ciem
1268 4586 1385 4645 terroe.

462 4668 591 4739 vinum
607 4667 768 4741 letificet
779 4693 844 4740 coi·
859 4667 1021 4740 himinis
1043 4698 1050 4740 :
1150 4671 1210 4743 Sit
1234 4669 1353 4769 gliria
1377 4670 1529 4744 Domini
1544 4672 1584 4745 in
1602 4674 1791 4749 saeculum:

468 4767 518 4837 lt
535 4764 717 4839 exhilaret
740 4761 875 4840 ficiem
904 4768 942 4838 in
969 4765 1050 4840 (ileo
1072 4795 1080 4837 τ
1105 4768 1120 4796 *
1154 4770 1169 4797 *
1196 4763 1383 4842 laeteibitur
1412 4768 1597 4846 Diminus
1629 4774 1670 4849 in
1695 4762 1789 4872 ope'st
1845 4831 1848 4836 -

463 4876 501 4936 et
514 4864 621 4960 panis
638 4890 703 4937 cor
720 4864 881 4938 himinis
895 4864 1114 4940 confirmet.
1153 4865 1223 4939 bus
1257 4870 1332 4941 suis
1359 4897 1367 4941 :

458 4961 744 5036 saturabimur
772 4964 874 5064 ligna
905 4966 1049 5062 campi,
1081 4980 1119 5039 et
1149 4967 1226 5063 Qui
1260 4966 1410 5066 respicit
1440 4982 1606 5057 terrem,
1657 4983 1695 5046 et
1714 4962 1783 5042 indi

461 5061 563 5133 cedri
579 5059 732 5152 Libani,
768 5088 860 5161 quas
893 5061 1077 5162 piantivit
1107 5094 1114 5136 :
1153 5089 1238 5137 eam
1273 5067 1435 5141 tremere
1483 5097 1492 5140 ε
1537 5072 1554 5101 *
1590 5069 1657 5171 qui
1690 5063 1780 5165 ungi!

461 5160 565 5233 'iilic
591 5158 758 5258 pisseres
775 5158 1038 5236 nidificibunt.
1154 5179 1318 5258 montes,
1339 5181 1378 5240 et
1393 5163 1600 5268 ftimigant.
1836 5240 1843 5253 ,

458 5265 484 5331 ΙΙ
500 5257 614 5332 erodii
633 5261 768 5334 domus
785 5259 861 5333 dux
878 5276 935 5336 est
950 5261 1080 5336 ebrum
1107 5292 1114 5337 τ
1147 5258 1322 5339 t'lanttibo
1341 5264 1505 5350 Dimitte
1524 5268 1565 5342 in
1581 5269 1658 5345 vita
1682 5286 1775 5344 met:
