4509 6209
671 663 773 734 {nir-a
792 662 912 737 Hebd.
934 663 1082 736 tertium
1103 671 1185 756 post
1200 660 1282 730 Oet.
1307 660 1452 729 Pentec.
1659 670 1723 743 tgt

496 840 499 882 ι
527 807 634 884 e'ntes
668 802 922 898 castrametiti
956 817 1046 879 sunt
1079 801 1256 896 Quaesivit
1285 799 1469 877 Diminus
1503 801 1573 877 sibi
1605 805 1729 881 virum

496 901 897 983 mhmesstrisintem
910 903 1045 978 Betiti·
1071 902 1183 999 juxta
1211 925 1277 974 cor
1310 924 1456 975 suum:
1489 915 1529 977 et
1554 907 1731 1004 praece'pit

500 1005 613 1102 Quod
643 1029 732 1080 eum
764 1003 946 1078 vidissent
974 1003 1044 1075 uini
1077 1003 1109 1073 ei
1126 1001 1327 1089 nummus,
1348 1013 1392 1074 ut
1411 1016 1507 1076 esset
1524 1001 1601 1076 dux
1618 1027 1732 1104 super

496 1106 502 1176 ι
535 1105 643 1179 sein
676 1115 783 1176 uncto
807 1103 950 1202 *pesitus
973 1101 1045 1199 (af-
1076 1098 1256 1199 pupulum
1288 1122 1421 1189 suum,
1443 1124 1488 1174 eo
1518 1102 1620 1200 quod
1653 1129 1730 1179 non

496 1229 513 1278 s
530 1204 634 1279 enim
648 1215 731 1276 emt
747 1201 943 1302 pupulus),
963 1199 1044 1274 abs·
1076 1199 1280 1272 sensveris
1297 1222 1379 1296 quae
1401 1200 1579 1300 praecepit
1599 1201 1733 1277 Dumi-

496 1303 602 1377 irunt
630 1303 733 1375 sein
766 1301 978 1400 speluncis,
1006 1313 1044 1374 et
1076 1321 1161 1371 nus.

496 1402 618 1492 uitis,
646 1399 687 1477 in
720 1401 837 1498 petris
862 1424 1042 1498 quoque,
1085 1393 1257 1487 mnudi,
1274 1394 1449 1470 Dimine.
1470 1402 1555 1472 479.

496 1526 507 1574 ι
541 1500 686 1591 antris,
719 1511 759 1572 et
790 1498 830 1571 in
856 1499 1040 1572 ciste'rnis.
1225 1492 1366 1567 FERIA
1390 1496 1581 1590 QUINTA.

496 1601 537 1674 ιι
567 1612 695 1673 sutem
722 1597 953 1671 transierunt
963 1598 1045 1670 ιον·
1152 1595 1208 1668 De
1225 1592 1324 1667 libro
1348 1597 1472 1700 primo
1494 1598 1654 1699 Regum.

496 1725 529 1772 m
563 1701 603 1772 in
623 1711 761 1773 temam
785 1695 868 1769 Gad
897 1709 936 1770 et
968 1696 1047 1769 Gi·
1207 1689 1333 1762 Lectio
1346 1713 1377 1783 J·
1394 1700 1485 1795 Cap.
1503 1699 1564 1770 tt.
1588 1699 1611 1769 b

510 1799 681 1897 Cumque
706 1794 832 1870 adhuc
851 1808 948 1869 esset
959 1795 1047 1869 Saul
1162 1817 1234 1865 uun
1281 1806 1408 1866 autem
1455 1793 1636 1870 Jtnathas
1685 1797 1735 1870 ad

496 1896 643 1998 ιιςιιι,
670 1892 866 1969 universus
889 1894 1048 2066 puqulus
1192 1885 1471 1967 adolescentem
1502 1895 1734 1997 armigerum

499 1999 613 2069 nitus
629 2008 685 2069 est
704 2052 712 2086 ,
732 1994 797 2092 qui
820 2018 935 2093 seque
963 1996 1049 2067 itur
1082 2013 1192 2062 suum
1232 1991 1389 2076 :Veni‚
1426 1995 1661 2069 trunseimus
1686 1995 1736 2068 ad

540 2096 591 2169 Et
642 2093 853 2192 expectivit
905 2106 1048 2191 septem
1082 2089 1285 2163 statiunem
1303 2090 1652 2167 incircumcisumm
1674 2093 1738 2167 ho·

495 2218 526 2268 is
552 2194 665 2293 juxta
680 2193 861 2292 plicitum
893 2191 1050 2266 Samus}-
1084 2213 1169 2261 rum
1190 2245 1199 2276 ‚
1219 2189 1249 2262 si
1274 2188 1376 2264 forte
1409 2191 1522 2266 ficiat
1554 2191 1738 2267 Deminus

496 2306 534 2367 et
566 2316 645 2367 non
678 2292 784 2366 venit
825 2290 976 2365 Simuel
1009 2292 1049 2364 in
1084 2312 1153 2385 pro
1182 2286 1291 2361 nobis
1325 2316 1334 2361 ε
1364 2290 1452 2387 quis
1477 2314 1554 2364 non
1577 2305 1634 2366 est
1660 2293 1738 2367 Du·

496 2391 577 2483 sla,
596 2391 838 2493 dilapsusque
864 2403 922 2464 est
937 2390 1052 2490 pipu·
1084 2386 1188 2489 mino
1225 2386 1380 2462 difficile
1419 2388 1563 2464 salvine
1598 2392 1657 2465 vel
1697 2393 1737 2465 in

496 2491 601 2565 beo.
1085 2484 1239 2575 multis,
1279 2487 1339 2560 vel
1369 2487 1409 2560 in
1445 2491 1585 2588 paucis.
1617 2491 1739 2565 Dixit·

496 2589 649 2665 taudisti
666 2645 675 2682 ,
694 2587 869 2667 Dumine.
891 2589 978 2663 tte.
1085 2609 1160 2683 que
1206 2586 1240 2660 ei
1283 2586 1449 2688 irmigen
1488 2612 1577 2662 suus
1611 2616 1621 2662 ε
1664 2591 1737 2665 Fac

624 2686 749 2759 [ectio
776 2684 830 2779 iij.
1085 2685 1214 2758 simnia
1230 2710 1312 2784 quae
1329 2686 1480 2787 placent
1502 2688 1632 2762 inimo
1644 2701 1710 2764 tuo
1727 2718 1736 2763 ε
1765 2708 1772 2720 ‘

496 2813 507 2862 r
531 2812 623 2887 ergo
643 2784 763 2859 Saule
790 2782 930 2859 Afferte
956 2782 1051 2858 mihi
1084 2807 1199 2884 perge
1226 2809 1302 2884 quo
1323 2785 1428 2885 cupis
1445 2840 1454 2878 ,
1474 2800 1513 2861 et
1524 2811 1589 2862 ero
1612 2801 1738 2862 tecum

497 2885 780 2974 holoesiustum,
807 2897 847 2958 et
878 2883 1047 2984 pacifice.
1087 2880 1317 2982 ubicumque
1369 2885 1541 2959 volueris.
1591 2888 1641 2962 Et
1686 2890 1740 2962 ait

496 2984 608 3060 btulit
635 2984 911 3059 holocsiustum.
946 2984 1054 3056 Cum·
1085 2981 1269 3056 Junathas
1290 3012 1299 3057 ε
1320 2984 1418 3059 Ecce
1445 3009 1513 3059 nos
1536 2987 1739 3061 transimus

503 3083 729 3184 complesset
759 3083 921 3156 efferens
946 3080 1055 3156 holo-
1086 3079 1136 3153 ud
1164 3082 1264 3156 vinos
1292 3083 1395 3157 istos.
1423 3085 1595 3183 Cumque
1620 3110 1742 3185 appa·

496 3198 595 3274 tum‚
618 3206 706 3257 ecee
738 3180 890 3256 Simuel
922 3182 1054 3254 venie·
1087 3175 1273 3255 fuerimus
1300 3184 1382 3274 eis,
1407 3183 1439 3257 si
1468 3182 1594 3257 uiliter
1623 3184 1740 3259 loetiti

498 3309 507 3356 ε
539 3295 580 3357 et
612 3281 781 3382 egressus
798 3295 855 3356 est
870 3280 958 3354 Saul
989 3279 1053 3354 6b·
1085 3277 1230 3354 tuerint
1250 3279 1299 3355 ad
1316 3305 1404 3372 nos,
1424 3282 1599 3374 Manete,
1619 3283 1741 3358 donec

496 3442 498 3452 i
524 3382 560 3455 ei
586 3394 630 3455 ut
646 3378 828 3456 satuttret
855 3403 957 3453 eum.
977 3380 1054 3453 Lo-
1086 3379 1282 3453 veniemus
1323 3379 1373 3454 ad
1402 3404 1500 3472 v0s3
1533 3394 1674 3455 stemus
1700 3383 1740 3455 in

496 3504 581 3580 sque
598 3493 655 3554 est
680 3478 835 3553 adeum
867 3478 1051 3553 Simuel:
1086 3476 1170 3550 loco
1203 3493 1363 3572 nostro,
1398 3503 1470 3554 nec
1494 3479 1742 3554 ascendimus

496 3579 681 3658 tiecisti?
702 3577 908 3678 Respbndit
933 3577 1051 3651 Saul:
1088 3575 1138 3649 ad
1174 3600 1250 3650 eos.
1284 3579 1321 3651 Si
1359 3591 1488 3652 sutem
1530 3578 1697 3653 dixerint
1728 3608 1739 3650 -ε

496 3679 591 3752 ‚vidi
608 3676 710 3778 quod
735 3679 895 3778 pupulus
912 3676 1054 3752 ditabe-
1088 3673 1290 3751 Aseendite
1327 3675 1378 3750 ud
1405 3702 1474 3751 nos
1511 3705 1520 3751 :
1556 3678 1744 3752 ascendi-

496 3800 545 3854 ie
568 3801 661 3870 me,
689 3790 729 3852 et
746 3790 786 3851 tu
804 3802 880 3852 non
898 3777 1056 3852 veneres
1088 3799 1199 3866 mus,
1231 3777 1320 3874 quis
1345 3776 1502 3851 tuididit
1517 3800 1581 3851 eos
1610 3777 1747 3851 Dumi-

496 3871 678 3978 tpls'eitos
706 3875 817 3968 dies,
893 3902 954 3950 rro
971 3874 1055 3951 Phi·
1088 3897 1161 3948 nus
1204 3875 1243 3947 in
1274 3873 1448 3948 minibus
1475 3876 1639 3964 nostris,
1672 3875 1747 3949 hoc

496 3977 557 4050 iim
586 3975 805 4076 congregsiti
851 3976 988 4051 tierent
1015 3975 1055 4048 in
1091 3972 1746 4144 eritnobissignum.Apperuitiqi·

496 4074 713 4161 imas,d1xi
741 4074 879 4150 zNunc
904 4075 1055 4149 deseen-
1091 4086 1155 4147 tun
1179 4074 1338 4171 uterque
1369 4074 1521 4147 stutinm
1558 4073 1694 4145 Philist
1724 4076 1748 4143 i·

496 4231 498 4243 .
536 4172 766 4249 Philisthiim
809 4173 857 4248 ad
901 4197 964 4248 me
1014 4173 1055 4247 in
1089 4171 1225 4245 nurum
1272 4199 1281 4245 ε
1327 4170 1581 4270 dixeruntque
1628 4170 1753 4243 Phili·

496 4272 586 4366 Ιιιι,
604 4287 645 4348 et
654 4273 792 4348 ficiem
811 4274 963 4348 1)όωίῃὶ
978 4296 1054 4346 non
1089 4271 1218 4346 sthiim
1237 4272 1316 4344 :En
1335 4271 1481 4345 flebraei
1500 4268 1753 4369 egrediuntur

496 4372 561 4447 tvi.
580 4367 809 4447 Necessitsite
826 4372 1054 4487 compulsus,
1090 4370 1139 4446 de
1169 4371 1358 4461 cavernis,
1379 4375 1420 4443 in
1438 4367 1577 4467 quibus
1594 4365 1751 4442 abscun-

497 4472 522 4544 li
568 4470 844 4546 holoeiustum.
882 4471 1058 4569 Dixitque
1090 4469 1158 4544 diti
1185 4469 1353 4543 fuerant.

498 4570 558 4646 usi
581 4570 631 4645 nd
656 4570 745 4644 Saul
767 4568 916 4667 :Stulte
933 4572 1054 4671 egisti,
1094 4579 1133 4663 ιι.
1158 4569 1370 4668 Psoepanite
1396 4562 1527 4668 ⁰9¹5}
1555 4567 1642 4639 176.

496 4669 686 4746 custodisti
709 4668 891 4745 mundius
908 4671 1058 4743 Dumini
1330 4662 1459 4731 [seno
1484 4680 1523 4750 q.

513 4769 597 4861 tui,
638 4793 722 4869 qute
764 4762 940 4868 pmeepit
973 4766 1055 4842 tibi.
1195 4763 1311 4839 luenti
1326 4773 1418 4834 sunt
1435 4759 1509 4832 viri
1527 4757 1577 4833 de
1593 4761 1754 4835 stetit'me

496 4866 517 4942 ιι
558 4870 590 4945 si
632 4892 711 4942 non
744 4869 936 4960 fecisses,
977 4869 1059 4968 jam
1193 4865 1242 4938 ad
1270 4858 1504 4947 Mnestheum,
1535 4871 1575 4932 et
1607 4860 1656 4933 sd
1692 4883 1755 4933 ar·

496 4990 515 5042 e
537 4967 784 5068 pmperisset
798 4967 982 5042 Diminus
1004 4991 1059 5041 ne·
1093 4963 1282 5063 migerum
1307 4960 1389 5057 ejus
1415 5014 1425 5049 ,
1463 4956 1713 5060 dixenintque
1744 4988 1751 5028 :

496 5090 529 5140 m
562 5081 671 5142 tuum
717 5091 830 5169 super
868 5067 979 5141 lsmel
1020 5067 1061 5140 in
1093 5060 1294 5138 Ascendite
1323 5056 1375 5131 ad
1402 5082 1493 5147 nos,
1523 5069 1562 5131 et
1588 5057 1758 5132 ostende‘·

496 5165 706 5266 pitemum,
727 5166 794 5241 sed
822 5165 1061 5265 nequiquam
1096 5186 1182 5238 mus
1205 5158 1312 5232 vobis
1337 5179 1442 5230 rem.
1471 5158 1522 5231 Et
1553 5156 1607 5229 ait
1640 5157 1759 5229 June·

496 5278 700 5442 mium
723 5265 824 5343 ultra
848 5265 1059 5367 consurget.
1078 5261 1185 5359 qthas
1228 5255 1278 5331 ud
1322 5254 1568 5429 us'migerqqi3
1599 5276 1705 5327 suum
1748 5279 1757 5319 :
