4509 6209
457 655 530 729 134
786 648 974 719 linininicn
997 650 1058 720 SS.
1088 624 1293 729 'si-initaiis'.
1327 660 1351 729 Ι.
1380 656 1486 731 Nnct.

454 794 624 895 Natique
641 795 761 869 Patris
778 792 911 884 dnico,
1383 794 1505 867 Lcctin
1541 794 1577 887 ij.

455 899 551 970 Cnm
569 893 711 993 Spiritu
737 880 948 981 Pardcliffi,
1152 906 1234 1069 Fr
1250 887 1326 961 dixi
1345 915 1353 961 :
1372 888 1437 965 Vae
1450 887 1563 983 mihi,
1584 887 1780 1064 ffuiatdcui.

455 998 497 1069 ln
516 1019 594 1069 sem
623 991 746 1068 iterna
763 991 908 1066 saecula.
934 988 1067 1064 Amen.
1152 989 1304 1087 ,Auia
1316 990 1373 1061 vir
1390 986 1561 1087 polliitus
1609 984 1702 1066 tibiis
1726 1018 1783 1095 ego

589 1018 627 1163 di
648 1091 767 1186 prinin
783 1088 990 1161 Noctuine.
1145 1110 1228 1169 suin
1246 1144 1255 1180 ‚
1271 1101 1310 1161 ct
1323 1089 1362 1162 in
1376 1086 1502 1165 mddio
1515 1090 1563 1189 pt
1592 1088 1645 1164 uli
1659 1091 1784 1189 polldtc

460 1194 554 1267 nnn.
571 1191 730 1281 Adesto,
776 1214 873 1263 unus
908 1191 1010 1263 Deus
1034 1213 1113 1261 om·
1146 1184 1247 1259 tibia
1275 1182 1450 1261 habdntis
1479 1114 1726 1291 egoiidbito,
1756 1207 1784 1269 ct

456 1291 646 1392 nipotens,
666 1293 790 1377 Pater,
806 1290 938 1382 Filius,
962 1300 1001 1361 et
1030 1286 1109 1386 spi·
1146 1285 1287 1455 Belgem
1329 1284 1532 1361 deinuni
1567 1288 1784 1367 exercituum

456 1395 549 1467 ritus
579 1403 743 1465 sanctus.
766 1388 901 1459 Psalmi
921 1402 962 1460 nt
1002 1390 1039 1458 in
1081 1389 1110 1479 j.
1146 1384 1221 1457 vici
1252 1386 1368 1460 dculis
1389 1386 1494 1461 meis.
1520 1390 1571 1463 Et
1598 1384 1784 1465 voldvitcd

461 1492 568 1563 Noctu
590 1490 636 1563 de
655 1490 759 1561 (inni.
782 1488 814 1559 V
817 1488 887 1583 ing.
906 1486 1006 1559 lxxx.
1147 1507 1207 1557 me
1237 1509 1333 1559 unus
1360 1485 1408 1560 de
1434 1479 1662 1587 Seraphim,
1701 1490 1783 1565 etin

461 1590 553 1661 dnn.
585 1590 639 1662 Te
664 1611 783 1660 unum
820 1586 857 1657 in
883 1580 1109 1676 substn'ntia,
1146 1606 1262 1656 manu
1288 1584 1366 1682 ejus
1383 1583 1573 1677 cdlculus,
1594 1612 1710 1685 quem
1726 1586 1782 1663 tn

456 1682 682 1762 Trinitdtem
704 1687 746 1758 in
776 1682 942 1785 persdnis
959 1684 1112 1759 contite'·
1146 1682 1228 1781 cipe
1247 1679 1387 1759 tdlerat
1406 1684 1454 1758 de
1468 1680 1593 1759 altdri.
1617 1687 1669 1760 Et
1681 1679 1783 1789 te'tigit

457 1812 556 1859 mur.
1146 1806 1187 1855 os
1212 1807 1366 1873 meum,
1397 1798 1436 1858 ct
1457 1783 1553 1858 dixit
1574 1813 1583 1859 :
1601 1786 1782 1863 Eccettt-

460 1888 552 1959 tin.
600 1886 654 1958 Te
683 1907 832 1980 semper
868 1882 971 1957 idem
1005 1907 1108 1972 esse,
1145 1875 1405 1994 githocldhia
1431 1897 1514 1975 tua,
1544 1899 1586 1959 et
1609 1882 1782 1961 auferetur

456 1982 599 2078 vivere,
646 1998 684 2058 et
717 1978 926 2083 intelligere
964 1974 1111 2082 profites·
1145 1979 1408 2078 iniquitastua,
1424 1986 1677 2082 etpeccdtum
1695 1999 1780 2061 titum
1812 1990 1813 2005 ¹

456 2108 555 2157 mur.
1146 2077 1402 2155 munddbitur.
1434 2084 1484 2155 Et
1520 2080 1778 2160 audivivocem

461 2190 496 2259 i.
515 2175 788 2257 Benedicdmus
810 2183 979 2273 Patrem,
1000 2192 1039 2253 et
1057 2178 1112 2252 Fi·
1146 2176 1295 2252 deini
1339 2180 1526 2255 dicentis:
1557 2182 1680 2279 Quem
1707 2186 1779 2259 mit·

455 2281 570 2373 lium,
602 2305 690 2354 cum
731 2292 860 2354 sancto
886 2280 1038 2378 Spiritu.
1076 2293 1110 2377 n).
1148 2280 1306 2353 tamtet
1322 2280 1405 2379 quis
1422 2280 1493 2355 ibit
1517 2280 1777 2358 nobistant-

457 2373 672 2455 Landdmus
723 2393 762 2452 et
793 2378 1113 2478 superexaltemus
1146 2383 1183 2449 xi
1205 2380 1327 2453 :Ecce
1344 2403 1432 2481 ego,
1462 2382 1574 2456 mitte
1591 2406 1667 2457 me.

458 2506 546 2556 eum
564 2480 604 2552 in
622 2479 769 2552 saecula.
1152 2492 1186 2573 n).
1219 2476 1442 2552 Benedictus
1475 2481 1661 2555 deinus
1698 2480 1775 2556 Dent

594 2580 649 2652 De
660 2576 756 2650 lsaia
772 2568 972 2675 Prophe‘ta.
1146 2577 1279 2668 lsrael,
1297 2578 1360 2677 qui
1391 2578 1482 2652 facit
1507 2578 1694 2655 mirabilia
1709 2602 1774 2655 mt-

614 2679 736 2747 tnntin
757 2678 892 2775 j.Cap.
926 2680 961 2750 6.
1144 2700 1220 2775 gna
1245 2677 1344 2752 solus
1375 2703 1383 2748 ε
1425 2688 1446 2725 *
1476 2680 1525 2753 Et
1558 2678 1771 2754 benedictum

498 2800 656 2867 nanno,
673 2800 749 2874 quo
779 2773 947 2848 mdrtuus
973 2789 1030 2850 est
1047 2800 1111 2849 rex
1146 2799 1285 2850 nomen
1308 2771 1515 2875 majestdtis
1532 2778 1614 2877 ejus
1642 2780 1679 2853 in
1694 2770 1769 2853 aete'n

457 2791 636 2965 IOzias,
661 2873 739 2947 vidi
760 2871 959 2947 deinum
981 2872 1110 2950 sede'n·
1147 2896 1251 2946 num.
1295 2882 1328 2955 i.
1362 2876 1583 2976 Replebitur
1605 2872 1768 2977 maJenz'c

458 2988 534 3049 tem
552 2999 664 3074 super
696 2970 831 3046 sdlium
857 2974 1043 3046 excelsum
1074 2989 1112 3048 et
1145 2972 1223 3070 ejus
1237 2975 1360 3048 omnis
1375 2988 1475 3049 terra
1501 2974 1619 3071 :fint,
1637 2976 1710 3053 fiat
1733 2974 1770 3049 n
1812 2992 1813 3027 ³

456 3068 644 3148 elevdtum
669 3099 677 3144 :
699 3086 737 3145 ct
760 3097 805 3145 ca
839 3097 920 3171 quoe
946 3072 1015 3146 sub
1031 3074 1112 3172 ipso
1145 3071 1400 3148 benedictum.

456 3186 589 3264 erant,
619 3169 817 3270 replebant
834 3172 1029 3271 templum.
1050 3173 1110 3247 Sd·
1388 3180 1510 3252 Lectio
1525 3181 1576 3275 iij.

457 3272 606 3372 raphim
641 3269 794 3345 stabant
826 3297 937 3370 super
968 3271 1061 3344 illud
1100 3301 1108 3345 :
1187 3292 1239 3344 *n
1263 3271 1533 3363 diximvade,
1555 3288 1595 3349 ct
1618 3270 1769 3372 dioetpd-

457 3395 521 3445 scx
549 3371 615 3445 alae
632 3370 717 3457 uni,
745 3384 783 3444 ct
806 3395 869 3443 sex
887 3371 953 3443 alae
971 3370 1107 3444 diteri:
1151 3449 1155 3457 f
1233 3372 1322 3470 pulo
1348 3372 1437 3446 huic
1461 3402 1469 3445 :
1490 3372 1627 3448 Audite
1647 3372 1768 3449 auditn-

457 3469 604 3544 dndbus
629 3468 807 3543 i’eldbant
840 3463 974 3542 sdciern
1005 3471 1107 3568 ejus,
1146 3483 1216 3558 tes,
1246 3485 1285 3544 et
1301 3471 1416 3546 nolite
1433 3471 1645 3575 intelligere
1666 3502 1674 3546 :
1692 3470 1766 3546 etvi-

459 3584 499 3644 et
524 3569 671 3643 dunbus
686 3566 864 3643 veldbant
881 3568 994 3667 pedes
1012 3571 1108 3667 ejus,
1145 3563 1231 3641 dc'te
1248 3568 1448 3664 visidnem,
1469 3586 1508 3645 ct
1525 3573 1642 3647 nolite
1657 3566 1764 3673 cogni·

458 3682 497 3742 et
513 3667 660 3742 ducibus
684 3666 873 3743 voldbant.
901 3670 950 3740 Et
975 3669 1111 3741 ciamd·
1145 3693 1261 3741 scere.
1281 3671 1656 3771 Excaecacorpdpuli
1672 3668 1759 3770 huju,

459 3768 552 3841 bant
565 3768 660 3841 aiter
677 3767 725 3840 ad
752 3768 936 3857 ditet-um,
957 3781 996 3840 et
1014 3768 1112 3840 dice·
1146 3782 1183 3840 et
1201 3792 1309 3842 aures
1340 3771 1419 3869 ejus
1444 3767 1630 3872 dggravc,
1654 3784 1690 3847 et
1708 3770 1761 3843 dte

457 3867 551 3940 bant
585 3895 592 3939 :
617 3868 800 3954 Sanctus,
832 3879 999 3958 sanctus,
1029 3891 1111 3941 san·
1146 3866 1200 3939 los
1214 3867 1293 3963 ejus
1310 3868 1467 3941 claude:
1487 3895 1536 3943 ne
1553 3871 1655 3946 forte
1672 3864 1760 3943 vitet

458 3979 539 4038 ctus
570 4023 578 4057 ,
623 3964 805 4038 deinus
830 3967 929 4038 Deus
968 3965 1113 4039 exerci-
1149 3964 1266 4039 dculis
1295 3968 1389 4059 suis,
1410 3982 1448 4042 et
1465 3968 1622 4044 duribus
1642 3966 1761 4045 snite

459 4077 565 4138 tuum
578 4089 589 4157 3
623 4066 739 4179 plena
771 4077 830 4137 cst
861 4065 984 4137 omnis
1012 4079 1113 4138 terra
1146 4065 1244 4156 diat,
1263 4078 1301 4139 et
1318 4066 1430 4141 corde
1447 4092 1516 4141 suo
1533 4068 1763 4173 intelligunt

456 4161 574 4264 gldria
600 4188 693 4262 ejus.
730 4165 779 4236 Et
804 4161 991 4236 cnmmdta
1025 4179 1114 4238 sunt
1146 4165 1410 4257 convertitur,
1427 4180 1466 4240 et
1476 4192 1611 4241 sanem
1635 4162 1764 4242 cumdt

455 4256 968 4361 superlimindriacdcdinum
988 4287 1113 4337 avoce
1147 4263 1223 4336 dixi
1259 4292 1267 4336 :
1299 4265 1519 4364 Usquequo,
1540 4260 1766 4341 Dtmnettt

457 4362 681 4455 claindntis,
720 4375 757 4434 et
802 4360 937 4434 domus
971 4357 1113 4465 repleta
1146 4361 1243 4435 dixit
1271 4365 1426 4438 :Donec
1442 4365 1660 4441 desolentur
1673 4352 1767 4441 civiti·

455 4462 646 4534 cstfumc.
1149 4475 1202 4535 tcs
1216 4460 1357 4563 absque
1370 4463 1599 4557 habitctdie,
1619 4464 1769 4540 etdomtt

462 4578 498 4635 nf.
518 4561 605 4636 Vidi
628 4560 833 4633 deinum
848 4559 1040 4633 sede'ntem
1059 4585 1114 4634 su·
1146 4562 1226 4635 sine
1241 4560 1410 4654 hdmine,
1431 4578 1470 4637 ct
1489 4578 1594 4638 terra
1612 4552 1771 4663 relinqui·

457 4682 526 4755 per
558 4659 690 4732 sdlium
717 4652 905 4733 cxce'isum
932 4672 969 4732 et
994 4658 1112 4734 elevn'-
1148 4674 1207 4732 tur
1221 4655 1382 4735 deserta.
1404 4663 1454 4735 Et
1473 4662 1586 4764 longe
1600 4656 1771 4739 ftcietttt

457 4770 559 4847 tum,
578 4772 618 4830 et
634 4758 745 4856 plena
777 4771 859 4831 erat
875 4760 997 4830 omnis
1012 4772 1112 4833 terra
1145 4761 1271 4834 minus
1297 4761 1489 4849 hdmines‚
1515 4776 1555 4835 et
1571 4752 1773 4863 multipliei-

454 4853 648 4951 majestiite
691 4859 769 4954 ejus
802 4864 852 4929 1*
873 4859 922 4929 Et
954 4882 999 4929 ea
1028 4884 1110 4955 quae
1144 4857 1248 4932 bitur
1277 4886 1360 4958 qnae
1391 4860 1573 4935 derelicta
1607 4861 1773 4937 fnentii

455 4952 526 5025 sub
543 4954 624 5052 ipso
645 4970 776 5043 erant,
796 4954 992 5054 replebant
1018 4970 1109 5030 tem·
1144 4959 1269 5031 medio
1289 4973 1409 5055 terne.

454 5051 572 5149 plum.
605 5062 638 5127 i.
664 5054 861 5153 Seraphim
876 5055 1027 5128 stabant
1044 5081 1110 5130 su·
1150 5081 1184 5157 ις.
1217 5057 1422 5132 Benedicat
1450 5083 1520 5132 nos
1549 5060 1666 5153 Deus,
1699 5060 1775 5135 ltu

454 5175 522 5248 pec
547 5148 640 5222 illud
662 5179 671 5223 :
692 5176 756 5225 sex
780 5154 846 5227 alze
865 5156 952 5246 uni,
973 5169 1011 5228 et
1044 5181 1106 5230 sex
1143 5171 1292 5244 noster,
1321 5154 1522 5232 benedicat
1551 5184 1622 5234 nos
1663 5160 1773 5235 nen:

452 5248 520 5323 nlae
544 5242 664 5324 adteri.
683 5252 733 5324 Et
749 5276 806 5325 ea.
1148 5270 1165 5299 ¹⁸
1182 5259 1230 5332 Et
1258 5249 1430 5333 mdtuant
1458 5281 1546 5332 eum
1562 5256 1775 5335 omnesfino
