4509 6209
454 658 502 729 62
853 654 952 723 Ferro
973 660 1106 745 quarta
1125 653 1172 724 ari
1190 657 1431 727 utlatunnum.

452 804 490 866 et
507 790 711 865 induimur
727 816 834 865 arma
860 791 951 865 lucis
979 818 986 861 :
1012 791 1108 864 sicut
1147 791 1282 863 tientes
1298 814 1506 892 manusque
1526 792 1720 881 tollimus,

451 892 490 964 in
508 889 570 964 die
588 890 743 965 honeste
756 883 1005 965 ambulemus.
1143 882 1327 986 Prophe'ta
1345 891 1441 965 sicut
1464 890 1638 966 noctibus

701 989 881 1087 Hymnus.
1143 987 1257 1061 Nobis
1274 984 1484 1089 gere'udum
1508 991 1707 1090 praecipit,

479 1156 484 1173 ,
526 1113 585 1161 uus
599 1084 675 1161 dieii
692 1087 846 1162 nuntius
1143 1087 1350 1186 Paulusque
1363 1090 1476 1189 gestis
1492 1084 1652 1164 censuit.

456 1102 529 1268 A
552 1189 692 1261 Lucem
721 1186 972 1287 propinquam
1017 1211 1107 1284 prae·
1152 1185 1261 1259 tides
1284 1187 1426 1261 maium
1447 1244 1455 1280 ,
1476 1186 1579 1288 quod
1603 1185 1788 1266 fecimuu

501 1287 595 1359 ciuit
629 1314 637 1359 :
1143 1285 1299 1358 Occulta
1317 1300 1446 1360 nostra
1461 1285 1690 1385 pindimus:

452 1386 528 1459 Nos
545 1376 727 1459 excitatior
752 1382 936 1458 mentium
1144 1385 1276 1458 Preces
1290 1379 1483 1486 gementes
1501 1384 1718 1473 fundimus,

452 1486 537 1557 Jam
554 1484 722 1557 Christus
739 1482 789 1555 ad
806 1484 925 1556 vitam
936 1496 1056 1557 vocat.
1144 1483 1298 1557 Dimitte
1317 1483 1418 1582 quod
1436 1478 1687 1584 peccavimus.

457 1574 602 1657 ‚tufe'rte
620 1641 628 1673 ,
649 1582 807 1669 clamat,
828 1581 1008 1673 lectulos,
1152 1586 1280 1657 i¹raesta
1301 1640 1309 1672 ,
1329 1586 1440 1657 Pater
1467 1584 1656 1682 piissime,

453 1684 567 1783 AEgro
584 1680 715 1782 sopore
733 1673 879 1754 desides
903 1710 910 1752 ι
1145 1681 1318 1780 Patrique
1337 1707 1493 1781 compar
1513 1685 1657 1774 Unice,

453 1780 651 1902 Castique,
673 1780 791 1871 recti,
809 1805 853 1853 ac
870 1778 981 1853 sobrii
1145 1786 1238 1856 Cum
1252 1780 1392 1880 Spiritu
1405 1782 1591 1857 Periclito

452 1881 643 1981 Vigilate,
679 1880 760 1978 jam
791 1903 874 1951 sum
904 1876 1106 1976 proximus.
1143 1883 1320 1979 Regnaus
1341 1906 1407 1979 per
1428 1906 1543 1955 omne
1564 1881 1755 1957 saeculum.

460 1980 583 2052 iesum
601 1972 744 2053 citimus
759 1974 935 2062 uicibus,
1072 2034 1077 2041 .
1194 1979 1328 2054 Amen.

455 2077 626 2168 Flentes,
646 2070 842 2176 precantes
863 2134 871 2168 ,
892 2074 1005 2150 sobrii
1027 2103 1036 2147 :
1152 2077 1244 2149 :iria
1263 2078 1406 2154 Avertit
1421 2077 1615 2155 Dominus.

455 2174 603 2250 inte'nta
621 2173 841 2274 supplicatio
1356 2178 1521 2250 Psaimus
1549 2182 1608 2247 ἤι’,

455 2275 627 2349 Dormire
643 2301 709 2348 cor
720 2274 907 2347 mundum
929 2286 1042 2346 vetat.
1231 2301 1302 2349 rxrr
1317 2274 1496 2376 insipiens
1513 2276 1552 2350 in
1573 2276 1790 2353 cordetuo:

460 2374 514 2448 Tu
533 2432 541 2466 ,
558 2374 722 2463 Christe,
744 2398 918 2446 somnum
937 2370 1080 2444 discute
1103 2396 1110 2442 :
1250 2378 1265 2406 *
1299 2377 1382 2449 Non
1405 2389 1461 2449 est
1480 2378 1592 2450 Deus.

455 2476 513 2547 Tu
527 2498 660 2573 rumpe
679 2473 798 2546 noctis
813 2470 963 2545 vincula
980 2497 988 2542 :
1154 2473 1321 2573 tbrrripti
1348 2489 1460 2564 suut,
1481 2489 1520 2547 et
1534 2469 1793 2551 abomintibiiet

454 2575 512 2646 Tu
526 2574 625 2665 solve
642 2565 837 2672 peccatum
852 2585 956 2644 vetus
973 2626 981 2658 ,
1149 2573 1237 2645 iacti
1251 2589 1339 2647 sunt
1352 2575 1390 2647 in
1402 2574 1666 2671 iniquitatibus
1683 2604 1692 2647 ε
1707 2576 1793 2649 'non

456 2670 676 2770 Noviumque
701 2671 831 2745 lumen
856 2671 997 2771 ingere.
1149 2673 1285 2770 estqui
1304 2673 1416 2747 ficiat
1432 2672 1590 2746 bonum.

462 2772 532 2845 tteo
549 2771 649 2845 Patri
667 2770 716 2843 sit
752 2769 845 2843 linia
866 2826 874 2860 ,
1154 2772 1244 2845 teus
1261 2771 1308 2845 de
1326 2773 1418 2847 coeio
1433 2774 1624 2870 prospe'xit
1640 2796 1749 2873 super
1760 2770 1793 2847 fi·

447 2868 619 2970 'Ejrisque
638 2869 705 2943 soli
727 2796 859 2954 into,
1150 2870 1218 2942 lios
1241 2869 1437 2945 homiuum
1472 2899 1480 2943 :
1518 2874 1595 2945 'ut
1622 2870 1793 2947 videatti

456 2972 551 3042 Cum
569 2966 709 3068 Spiritu
730 2962 942 3054 Parriciito,
1150 2984 1206 3042 est
1247 2964 1484 3072 intelligens,
1522 2984 1591 3044 aut
1620 2971 1794 3073 requirens

456 3071 582 3157 Nunc,
602 3082 640 3141 ct
657 3093 725 3169 per
749 3092 862 3141 omne
885 3065 1075 3139 saeculum.
1151 3071 1285 3142 Deum.

506 3166 640 3240 Amen.
1156 3172 1296 3240 Omnes
1348 3161 1658 3259 declinaverunt,
1703 3164 1791 3243 simui

463 3268 495 3337 i'.
524 3266 670 3363 Repiciti
704 3290 833 3339 sumus
866 3289 978 3337 mane
1008 3262 1115 3334 misc·
1152 3265 1302 3339 inutiles
1330 3268 1416 3339 iacti
1448 3281 1537 3340 sunt
1575 3295 1583 3338 :
1610 3270 1624 3299 '
1651 3276 1792 3341 nonest

463 3364 624 3439 ricordia
643 3379 717 3438 tua.
734 3357 1046 3459 rpssxultriuimus,
1079 3375 1117 3433 et
1152 3367 1214 3463 qui
1229 3359 1346 3439 faciat
1363 3367 1519 3458 bonum,
1533 3392 1610 3440 non
1623 3381 1680 3441 est
1697 3386 1791 3464 usque

457 3461 632 3541 delectiti
652 3489 793 3537 sumus.
1152 3465 1200 3537 ad
1218 3490 1349 3538 unum.

562 3564 614 3633 to
645 3563 894 3647 Benedictus,
924 3560 1018 3631 stira.
1156 3564 1289 3638 Nonne
1318 3565 1438 3638 scient
1462 3588 1594 3638 omnes
1624 3566 1689 3664 qui
1727 3584 1790 3661 ope

459 3660 704 3737 Erexitnobis
724 3658 905 3733 Dominus
928 3682 1047 3732 cornu
1062 3680 1116 3730 sa·
1153 3657 1287 3736 rantur
1301 3659 1538 3764 iniquitatem
1560 3720 1570 3754 ,
1590 3665 1605 3695 *
1622 3664 1688 3763 qui
1703 3661 1789 3737 de'ro

459 3762 557 3852 lutis,
578 3762 617 3835 in
635 3760 750 3835 domo
768 3759 886 3833 David
900 3758 1004 3858 pueri
1019 3759 1088 3830 sui.
1154 3777 1241 3836 rant
1272 3762 1422 3861 plebem
1456 3787 1583 3837 meam
1617 3777 1662 3837 ut
1688 3760 1793 3836 cibum

510 3862 654 3948 Preces,
676 3860 826 3957 (pilando
844 3859 1034 3941 dicuntur,
1057 3857 1120 3925 ira·
1153 3862 1299 3962 panis?

463 3958 602 4030 bcntur
619 3962 679 4032 52.
1158 3964 1277 4035 iteum
1303 3957 1664 4035 noninvocarcirunt
1683 3954 1797 4033 :*iltie

597 4056 736 4131 FERIA
767 4054 973 4153 QUARTA.
1156 4051 1440 4158 trepidaverunt
1462 4059 1616 4153 timore,
1638 4059 1703 4134 ubi
1734 4076 1797 4131 non

516 4156 570 4229 ‚id
589 4159 829 4241 rtiatutinum,
850 4158 1121 4231 invitatorium.
1155 4174 1236 4233 crat
1252 4161 1375 4232 timor.

463 4260 502 4330 in
528 4280 645 4331 mauu
670 4270 737 4331 tua
755 4312 765 4349 ,
784 4255 973 4347 Domine,
1000 4257 1120 4331 *0m·
1160 4258 1344 4348 Quoniam
1374 4259 1473 4330 Deus
1505 4252 1698 4357 ‹lissipaivit
1730 4272 1796 4328 osu

462 4380 527 4431 nes
554 4356 650 4431 fines
673 4371 791 4430 terrae.
833 4358 889 4425 Ps.
912 4356 1058 4431 tenite.
1079 4361 1115 4428 ⁶2.
1155 4356 1285 4430 eorum
1316 4357 1380 4454 qui
1402 4355 1621 4430 hominibus
1637 4357 1793 4456 placent:

706 4456 883 4551 iipnnus.
1155 4459 1170 4485 *
1202 4453 1346 4529 confusi
1373 4470 1482 4548 sunt,
1508 4455 1687 4554 quoniam
1715 4456 1793 4528 ltus

535 4580 629 4629 erun
645 4555 799 4630 Creator
827 4555 967 4652 optimc
986 4611 994 4643 ,
1155 4558 1295 4654 sprevit
1319 4578 1395 4628 eos.

552 4655 761 4755 Rectirque
788 4669 914 4727 noster
939 4651 1093 4753 a'spice:
1160 4656 1254 4745 Quis
1291 4652 1398 4726 dabit
1434 4678 1480 4726 ex
1524 4654 1614 4727 Sion
1656 4642 1791 4727 salutirt

1315 4756 1329 4783 ἡ

461 4755 537 4827 Nos
553 4751 713 4852 aquiete
732 4752 843 4826 noxia
1157 4754 1296 4827 lsrael?
1348 4777 1434 4826 cum
1462 4746 1689 4827 convc‘rterit
1717 4753 1789 4861 lup

461 4854 601 4926 Mersos
613 4850 743 4949 sopore
756 4850 886 4926 libera.
1156 4852 1411 4951 captivititem
1429 4852 1548 4950 plebis
1562 4877 1651 4942 suae,
1678 4846 1791 4926 exuto·

464 4950 840 5039 testaceorum,
861 4949 1047 5049 poscimus
1069 4980 1076 5023 :
1155 4951 1213 5026 bit
1236 4950 1370 5044 Jacob,
1394 4965 1432 5025 et
1458 4951 1645 5026 iaetaibitur
1663 4944 1772 5025 tonet.

463 5049 616 5153 ignosce
632 5048 753 5148 culpis
764 5047 939 5122 omuibus
961 5080 967 5121 :
1346 5050 1511 5122 Paulinus
1538 5055 1596 5119 nt.

462 5146 520 5223 td
536 5140 795 5224 confite'ndum
813 5146 1020 5250 surgimus,
1161 5168 1163 5172 ⁴
1232 5173 1370 5237 xuuor,
1423 5150 1556 5235 Deus,
1608 5146 1794 5222 orationem

462 5242 658 5349 Mortisque
674 5247 795 5324 noctis
812 5243 1032 5347 rumpimus.
1169 5165 1229 5329 Ε
1261 5272 1416 5337 meam,
1449 5262 1565 5321 etue
1608 5240 1796 5348 despisen't
