4509 6209
486 670 558 743 ttt
780 669 822 740 Iu
847 666 1153 774 Festopssorporis
1181 662 1329 741 christi.
1361 667 1387 737 i.
1417 668 1527 764 Vesp.

483 806 556 902 Qui
590 805 658 881 dat
690 809 815 884 nivem
844 810 940 883 sicut
968 808 1095 884 ianam
1128 840 1138 884 ε
1175 805 1308 881 Cibum
1341 808 1459 883 turbae
1487 806 1687 883 duode'nae·

482 906 498 933 *
519 905 698 981 ne'bulam
723 909 821 983 sicut
843 909 1012 983 cinerem
1037 935 1140 1011 sper·
1175 905 1221 979 Se
1248 905 1315 980 dat
1344 908 1420 982 suis
1454 907 1643 982 minibus.

482 1005 550 1104 git.
1172 1001 1204 1073 t·
1213 1004 1345 1079 erbum
1367 1031 1479 1099 cero,
1500 1031 1639 1106 panem
1656 1031 1780 1082 rerum

480 1104 598 1178 rtittit
640 1106 856 1206 crystillum
891 1128 999 1181 suam
1043 1108 1140 1182 sicut
1172 1102 1298 1177 Verbo
1332 1131 1485 1180 earnem
1515 1106 1635 1180 efficit
1672 1134 1680 1181 :

483 1196 670 1279 buccellas
698 1233 706 1279 :
740 1206 756 1240 *
787 1219 876 1281 unte
909 1207 1045 1281 ficiem
1071 1207 1138 1280 fri·
1171 1202 1302 1302 Fitque
1326 1207 1476 1307 sanguis
1500 1204 1638 1281 Christi
1658 1230 1809 1297 merum,

482 1303 583 1402 goris
605 1304 684 1402 ejus
740 1305 795 1379 uis
824 1302 1045 1385 sustinebit?
1170 1301 1219 1374 Et
1246 1303 1276 1377 si
1308 1327 1437 1379 sensus
1469 1304 1637 1379 de'srcit:

484 1400 638 1476 ilmittet
662 1428 728 1477 ver
757 1430 821 1477 um
852 1430 983 1497 suum,
1021 1419 1058 1479 et
1088 1404 1138 1477 li·
1170 1397 1226 1472 Ad
1257 1401 1486 1477 srrmrindum
1516 1428 1584 1481 eor
1614 1397 1790 1481 since'rum

483 1501 673 1598 queieiciet
702 1528 747 1576 ea
775 1532 783 1577 :
815 1502 961 1578 *flabit
984 1502 1136 1604 spiritus
1170 1499 1256 1574 Sola
1290 1501 1383 1575 fides
1415 1501 1565 1577 sufficit.

484 1598 585 1694 ciue,
617 1615 657 1676 et
680 1601 801 1677 iluent
832 1628 950 1702 aquae.
1170 1597 1334 1673 'santum
1365 1626 1455 1702 ergo
1488 1602 1770 1677 Sacramentum

482 1699 554 1789 Qui
585 1699 787 1775 annuntiat
826 1702 983 1777 verbum
1023 1727 1135 1775 suum
1168 1693 1401 1775 Venere'mur
1429 1701 1558 1776 cernui
1588 1730 1596 1772 :

479 1795 641 1872 Jacob:
677 1801 692 1832 *
719 1799 884 1900 justitias
925 1813 964 1874 et
991 1798 1135 1900 judicia
1167 1798 1216 1869 Et
1242 1798 1439 1899 antiquum
1470 1793 1741 1875 documentum

480 1918 548 1969 sua
569 1898 694 1972 lsrael.
1167 1896 1272 1971 Novo
1298 1900 1409 1973 cedat
1432 1899 1519 1973 ritui
1549 1928 1558 1972 ε

478 1998 561 2069 ,Non
578 1996 668 2073 fecit
688 1997 814 2073 tiliter
830 2000 934 2073 omni
959 1998 1130 2075 natium:
1168 1995 1319 2071 Praestet
1347 1998 1441 2073 iides
1471 1998 1766 2099 supplementum

478 2092 494 2119 *
526 2106 564 2166 et
591 2097 735 2195 judicia
764 2122 831 2195 sue
860 2123 938 2177 non
967 2101 1134 2177 manife-
1167 2092 1351 2169 sensuum
1378 2092 1555 2175 defe'etui.

476 2192 591 2269 stivit
618 2197 684 2275 eis.
897 2248 902 2258 .
1171 2190 1358 2287 Geniuiri,
1391 2195 1602 2297 Geniuique

475 2294 568 2369 eiua.
605 2296 677 2390 Qui
713 2320 844 2395 pacem
877 2296 1003 2394 ponit,
1038 2297 1133 2373 fines
1166 2294 1262 2367 Luus
1283 2309 1323 2367 et
1337 2296 1534 2392 jubiiritio,

475 2395 669 2486 Ecclesiae,
689 2391 873 2471 frumenti
894 2392 1005 2494 ridipe
1022 2398 1134 2475 sitiat
1165 2393 1289 2485 Saltu,
1322 2392 1463 2484 honor,
1495 2396 1616 2469 virtus
1646 2416 1774 2493 quoque

473 2518 543 2569 nos
570 2492 764 2571 Diminus.
1165 2491 1219 2565 Sit
1249 2505 1288 2567 et
1313 2491 1544 2583 benedictio,

523 2590 750 2692 Capitulum.
780 2599 815 2666 t.
844 2597 927 2666 Cor.
964 2599 1023 2667 ii.
1051 2621 1074 2667 e
1165 2590 1385 2666 Procedenti
1410 2593 1459 2667 ub
1481 2590 1644 2691 utruque

543 2718 686 2783 remes,
713 2694 795 2794 Ego
824 2695 926 2767 enim
954 2691 1080 2793 accepi
1106 2719 1129 2770 a
1164 2691 1326 2788 Compar
1355 2693 1404 2768 sit
1431 2691 1612 2767 lauditio.
1642 2687 1758 2763 Amen.

471 2707 541 2875 F
575 2790 736 2872 utmino
773 2791 875 2891 quod
917 2806 955 2867 et
989 2793 1127 2868 trididi
1164 2788 1199 2865 i.
1235 2791 1377 2865 Panem
1406 2789 1454 2869 de
1496 2791 1592 2867 coelu
1622 2786 1784 2888 prestitit

470 2888 595 2982 robis,
624 2891 803 2990 quinium
822 2890 1127 2969 DiminusJesus
1161 2889 1242 2980 eis,
1279 2889 1441 2965 alleluia.
1481 2902 1519 2987 ις.
1561 2890 1683 2965 Omne
1710 2886 1783 2961 deie-

469 2988 612 3089 inqua
633 3003 743 3067 noete
762 2984 993 3082 tradebritur,
1022 2987 1125 3068 acce'·
1160 2987 1393 3065 ctamentum
1421 2991 1461 3065 in
1495 3014 1535 3066 se
1579 2987 1778 3071 habentem,

469 3087 526 3185 pit
565 3113 733 3189 panem,
766 3104 804 3164 et
843 3087 981 3191 gritias
1010 3116 1126 3192 agens
1159 3086 1321 3163 alleluia.

469 3187 605 3288 fregit,
635 3202 673 3262 et
696 3186 792 3267 dixit
821 3217 829 3262 :
861 3188 1053 3289 Accipite,
1088 3207 1126 3268 et
1262 3185 1319 3259 Ad
1358 3184 1596 3287 Magnificat,
1626 3184 1716 3259 Aba.

468 3286 695 3363 muuducrite
729 3316 737 3360 ε
776 3289 850 3364 hoc
892 3303 948 3363 est
990 3315 1125 3389 corpus
1160 3284 1331 3384 Oquam
1353 3287 1368 3315 ⁶
1390 3286 1511 3360 suriris
1535 3300 1614 3379 est,
1642 3284 1776 3368 Dimitte,

468 3410 617 3476 meum,
642 3387 743 3486 quod
774 3415 842 3486 pro
872 3389 977 3463 vobis
996 3387 1126 3465 tradd-
1159 3384 1316 3483 Spiritus
1351 3389 1453 3458 tuus!
1483 3387 1548 3485 qui
1573 3400 1617 3460 ut
1645 3380 1777 3459 dulcidi-

465 3497 558 3558 tur:
585 3485 657 3560 hoc
681 3487 794 3562 iricite
816 3488 856 3562 in
877 3514 1002 3562 meum
1029 3515 1126 3564 com·
1159 3508 1246 3557 nem
1275 3498 1379 3557 tuam
1396 3485 1435 3558 in
1458 3485 1560 3559 iilius
1577 3478 1776 3559 dementit}

466 3584 791 3663 ntemoratiinem.
1159 3607 1238 3675 res,
1276 3608 1373 3682 pane
1404 3583 1622 3659 suavissimo
1647 3583 1693 3659 de
1714 3576 1775 3657 uoeb

702 3689 885 3788 Hymnus,
1158 3685 1342 3780 prestito,
1369 3684 1576 3758 esurientes
1601 3683 1715 3784 replet
1736 3676 1774 3751 bc
1821 3698 1823 3735 Ι

552 3808 639 3873 uuu,
671 3783 819 3884 lingua,
846 3783 996 3885 gioritisi
1159 3783 1240 3872 nis,
1274 3781 1487 3857 fastiditisos
1516 3782 1651 3858 divites
1681 3776 1774 3855 dimit

468 3802 726 3981 pssrirporis
753 3885 995 3984 mysterium,
1160 3894 1240 3954 tens
1269 3882 1413 3961 inires.

466 3978 740 4081 sanguinisque
761 3981 932 4082 pretium,
1413 3981 1556 4059 Oratio,

464 4077 588 4173 Quem
614 4081 654 4153 in
685 4082 817 4154 mundi
848 4077 1012 4181 pre'tium
1159 4092 1167 4107 ⁴
1237 4103 1320 4170 rus,
1354 4080 1418 4178 qui
1454 4077 1563 4153 nubis
1588 4077 1660 4155 sub
1681 4076 1771 4151 Secu·

460 4179 618 4253 Fructus
647 4181 788 4254 ventris
810 4181 980 4295 generisi
1158 4097 1238 4268 D
1272 4177 1400 4252 mento
1435 4176 1601 4252 mirsibili
1632 4168 1773 4281 passiinit

461 4278 540 4353 Rex
569 4275 704 4357 effudit
724 4273 907 4381 genuum.
1158 4291 1229 4351 tuae
1254 4277 1478 4353 memuriam
1506 4276 1688 4376 reliquisti
1710 4302 1718 4349 :
1740 4284 1774 4343 tr

467 4377 578 4453 Nobis
600 4379 729 4467 dutus,
759 4379 868 4453 nobis
889 4392 998 4455 natue
1155 4375 1245 4468 bue,
1278 4400 1490 4475 quesumus
1498 4400 1510 4467 ;
1541 4377 1596 4453 ite
1622 4400 1688 4451 nos
1712 4367 1771 4445 ur

460 4476 516 4549 Ex
547 4478 689 4553 inticta
709 4478 882 4580 Virgine,
1155 4476 1255 4573 poris
1293 4489 1332 4549 et
1368 4475 1570 4574 Singuinis
1614 4476 1669 4551 tui
1701 4484 1772 4546 sttrt
1821 4498 1823 4534 ³

459 4577 510 4649 Et
540 4577 579 4650 in
604 4577 750 4651 mundo
781 4579 1040 4669 conversitus,
1155 4574 1332 4674 mystiria
1358 4571 1561 4650 reneriri:
1593 4589 1636 4649 ut
1666 4569 1771 4676 redet

458 4674 594 4773 Sparso
620 4676 725 4753 verbi
755 4673 917 4769 simine,
1088 4706 1092 4717 ·
1153 4674 1290 4772 ptie'mis
1321 4688 1393 4747 tuae
1431 4674 1600 4749 fructum
1630 4675 1669 4747 in
1699 4663 1771 4743 nuit
1812 4690 1824 4731 t

458 4772 523 4847 Sui
549 4799 675 4848 moras
698 4776 883 4852 incolitus
1148 4773 1289 4874 jupiter
1318 4773 1535 4853 sentitmus.
1565 4772 1638 4869 Qui
1665 4768 1749 4849 vius.
1817 4788 1824 4832 1

456 4873 553 4946 Miro
582 4873 715 4949 clausit
748 4873 892 4950 urdine.
1204 4876 1261 4951 Ad
1291 4873 1501 4976 complet,
1535 4890 1574 4952 et
1602 4898 1669 4991 per
1689 4872 1769 4949 ΗΜ
1821 4898 1824 4917 ²

459 4979 500 5047 in
524 4972 708 5072 supreme
741 4987 852 5049 nocte
877 4998 991 5049 coenae
1155 4978 1290 5052 inrfine
1320 4977 1555 5088 Hpmnorum
1584 4975 1769 5053 drciurz-
1815 4988 1824 5031 ³

454 5069 694 5146 Recumbens
724 5096 811 5145 cum
842 5067 1040 5165 frritribus,
1153 5078 1262 5163 Iesu,
1300 5069 1366 5146 tibr
1395 5071 1443 5145 sit
1482 5067 1609 5172 ‚lirim
1821 5090 1823 5099 ⁴

455 5164 661 5247 Observeitu
694 5171 777 5271 lege
806 5173 916 5270 piene
1152 5172 1221 5266 Qui
1255 5185 1365 5246 natus
1389 5196 1429 5247 es
1455 5096 1503 5247 ‹ie
1526 5168 1688 5271 Virgine.
1814 5186 1824 5229 1

453 5269 553 5346 Cibis
578 5272 619 5345 in
643 5270 844 5373 iegiiibus,
1194 5279 1242 5351 Et
1262 5273 1437 5352 similiter
1464 5298 1532 5374 per
1570 5286 1682 5353 roten
1709 5262 1764 5337 ⁰⁶¹·
