4509 6209
558 696 755 769 Dominica
777 697 923 769 decima
945 715 1027 796 post
1046 702 1302 775 Pentecosten.
1524 713 1597 804 2323

496 847 559 942 ib,
584 845 728 920 dbmini
755 849 834 938 tui,
872 862 910 922 et
948 871 1061 946 super
1094 847 1259 938 iudam,
1291 849 1467 946 venitque
1498 849 1596 921 Jehu

496 946 673 1047 nguinem
717 949 908 1020 servbrum
943 946 980 1018 in
1024 943 1207 1020 Jezrahel.
1262 950 1378 1020 Porro
1411 947 1592 1036 Je'zabel,

496 1046 745 1143 rophetarum,
773 1060 811 1119 et
826 1047 909 1120 sain·
942 1046 1096 1119 intrbitn
1139 1047 1218 1143 ejus
1261 1046 1421 1138 audito,
1464 1047 1596 1146 depin-

496 1147 602 1216 nium
622 1143 812 1217 sernirum
832 1148 909 1218 Db·
943 1147 998 1218 xit
1027 1145 1154 1219 ‹iculos
1182 1171 1268 1218 suos
1306 1146 1440 1238 stibio,
1461 1160 1499 1219 et
1533 1173 1595 1219 or-

496 1242 785 1317 manuJezabet.
818 1247 911 1317 Per·
944 1246 1178 1342 nivitcaput
1202 1270 1331 1334 suum,
1360 1260 1398 1319 et
1430 1246 1592 1344 respexit

496 1341 908 1417 memdomumhehab:
944 1368 1011 1442 per
1057 1344 1259 1416 fenestram
1321 1344 1593 1445 ingredientem

496 1466 549 1513 im
574 1441 622 1514 de
659 1441 788 1514 Achab
815 1444 910 1515 min·
943 1442 1042 1515 Jehu
1084 1468 1152 1541 per
1192 1457 1369 1541 portam,
1411 1458 1450 1517 et
1489 1445 1543 1516 ait
1584 1473 1592 1514 :

513 1540 693 1638 parietem
714 1598 723 1630 ,
751 1556 790 1614 et
806 1543 913 1615 clau-
944 1542 1137 1640 Numquid
1164 1567 1236 1640 pax
1257 1556 1380 1640 potest
1398 1568 1475 1616 esse
1489 1545 1596 1616 Zam-

496 1639 908 1714 avissimuminisrael.
946 1640 1031 1728 bri,
1068 1642 1133 1739 qui
1168 1642 1356 1714 interiecit
1398 1641 1596 1714 dbminum

496 1735 615 1810 >mum
634 1737 782 1825 Achab,
817 1741 913 1813 sicut
945 1741 1087 1812 suum?
1106 1741 1329 1838 Levavitque
1346 1740 1442 1813 Jehu
1457 1742 1596 1814 ficiem

496 1836 647 1909 rbboam
677 1839 749 1910 filii
765 1838 908 1926 Nubat,
947 1863 1052 1911 suam
1084 1839 1133 1912 ad
1169 1840 1397 1924 fenestram,
1427 1852 1464 1912 et
1494 1842 1547 1912 ait
1585 1869 1594 1909 :

499 1961 628 2008 omum
663 1938 809 2029 Baasa,
841 1938 912 2011 filii
947 1938 1035 2031 Quae
1053 1952 1110 2011 est
1136 1939 1237 2011 ista?
1254 1939 1302 2012 Et
1321 1933 1598 2012 inclinaverunt

496 2033 551 2106 bel
597 2061 747 2134 quoquc
785 2045 914 2110 cbme-
947 2062 985 2109 εε
1013 2037 1170 2109 adeum
1201 2037 1276 2108 duo
1299 2036 1356 2109 vel
1384 2051 1458 2110 tres
1476 2038 1597 2110 eumi-

496 2136 564 2205 ¹in
599 2159 620 2206 a
650 2161 691 2206 ro
716 2135 909 2225 Jezraheh
947 2135 1021 2208 chi.
1042 2135 1091 2208 At
1116 2137 1178 2208 itte
1209 2135 1303 2208 dixit
1322 2137 1375 2209 eis
1413 2164 1421 2208 :
1461 2138 1598 2210 Praeci-

495 2234 518 2304 ri
536 2160 690 2331 sepehat
706 2258 804 2307 eam.
825 2233 914 2335 Ape·
947 2235 1063 2332 pitite
1082 2260 1164 2308 eam
1184 2232 1371 2308 debrsum.
1391 2237 1440 2309 Et
1469 2238 1598 2334 praeci-

499 2357 591 2420 am,
619 2346 657 2405 ει
677 2332 785 2432 fugit.
947 2333 1162 2431 pitaverunt
1204 2359 1315 2420 eam,
1353 2333 1597 2434 aspersusque

496 2432 544 2522 .i,
574 2431 746 2505 Dbmine.
779 2436 864 2507 t78.
919 2447 1003 2505 ἐει
1031 2434 1212 2533 sanguine
1230 2435 1374 2532 paries,
1407 2448 1445 2506 et
1477 2436 1598 2532 equi)-

496 2523 617 2592 hectio
647 2523 697 2618 iij.
823 2555 827 2561 ¹
947 2556 1033 2604 rum
1081 2532 1229 2631 ringulae
1269 2533 1599 2607 conculcaverunt

496 2655 541 2701 em
574 2622 742 2729 egressus
771 2643 827 2702 est
864 2629 912 2702 ad
947 2656 1043 2704 eam.
1072 2632 1165 2702 Cum
1195 2656 1240 2703 ue
1265 2632 1513 2732 introgressus
1543 2658 1598 2706 es·

496 2729 624 2800 himini
653 2730 708 2801 sui
732 2755 739 2800 :
773 2729 837 2826 qui
854 2729 913 2802 di·
946 2743 1004 2802 set
1021 2743 1063 2801 ut
1087 2657 1304 2804 comideret
1323 2788 1332 2822 ‚
1351 2731 1593 2830 biberetque,

496 2824 650 2900 ie'ctene
664 2826 913 2900 suntbmnia?
946 2831 999 2901 ait
1029 2856 1037 2900 :
1057 2829 1137 2925 lte,
1158 2843 1196 2902 ει
1211 2829 1335 2904 videte
1353 2829 1596 2904 maledictam

506 2927 660 2999 insanus
679 2927 748 2999 iste
773 2925 911 2999 ‘adtei
945 2925 1077 3017 iilam,
1105 2942 1143 3001 et
1166 2929 1327 3026 ¹sepelite
1361 2954 1476 3002 eam:
1505 2932 1596 3028 quia

529 3026 685 3098 :Nostis
717 3022 911 3098 hbminem
945 3026 1027 3099 filia
1044 3028 1142 3127 regis
1172 3041 1238 3100 εει.

499 3125 584 3197 ritus
609 3126 669 3196 sit.
688 3122 737 3197 At
765 3124 819 3196 iili
850 3150 913 3198 re·
951 3125 1352 3224 u.P1“aeparatec0rda
1376 3139 1499 3198 vestra
1517 3126 1598 3196 Db·

496 3251 525 3294 ,:
556 3223 703 3296 Falsum
736 3237 816 3315 est,
847 3223 913 3297 sed
947 3223 1076 3313 mino,
1098 3238 1137 3298 et
1163 3225 1298 3298 servite
1316 3223 1370 3296 illi
1395 3223 1462 3295 soli
1486 3251 1494 3294 :
1514 3216 1600 3295 *Et

496 3320 653 3395 anobis.
677 3322 747 3415 Qui
766 3323 910 3397 aiteis:
946 3322 1214 3397 liberabitvos
1243 3323 1291 3396 de
1317 3320 1491 3394 minibus
1521 3321 1602 3391 ini-

496 3447 500 3490 :
530 3420 674 3494 locutus
697 3435 754 3494 est
785 3421 909 3514 mihi,
947 3419 1129 3495 minirum
1164 3422 1389 3494 vestrbrum.
1436 3414 1473 3490 i·
1495 3419 1598 3490 Con—

496 3544 539 3592 ec
572 3519 665 3593 dicit
693 3519 876 3595 Dbminus
901 3551 909 3594 :
945 3520 1135 3594 vertimini
1160 3521 1312 3594 adeum
1330 3519 1369 3590 in
1386 3515 1600 3609 totocorde

496 3643 595 3719 egem
634 3644 746 3718 super
784 3621 909 3694 Israel.
946 3634 1096 3711 vestro,
1126 3633 1165 3693 et
1183 3618 1332 3691 auferte
1346 3615 1437 3688 deos
1456 3613 1601 3687 alienos

496 3731 549 3790 mt
566 3718 693 3816 itaque
714 3775 722 3807 ,
743 3731 782 3792 ει
799 3745 914 3793 unus-
946 3718 993 3792 de
1020 3719 1145 3792 medio
1168 3718 1296 3791 vestri.
1321 3717 1384 3820 Et.

499 3816 578 3889 lens
610 3818 766 3916 pallium
801 3842 911 3891 suum
1181 3811 1312 3883 Lectio
1340 3808 1379 3902 iJ·

496 3914 560 3988 sub
588 3915 847 4014 pedibusejus
873 3919 911 3990 in
950 3919 1138 4094 Cenoma
1163 3916 1281 3988 issent
1324 3926 1367 3985 ut
1409 3907 1611 4019 sepelirent

496 4014 760 4088 em‘tribunaiis
776 4073 784 4105 ,
801 4030 839 4090 et
853 4041 914 4090 ce-
1029 4042 1113 4089 eam
1135 4040 1143 4105 ‚·
1177 4039 1257 4087 non
1288 4010 1521 4084 invene'runt
1535 4029 1608 4076 msr

497 4113 567 4204 ba,
585 4128 698 4213 atque
711 4114 910 4189 dixerunt:
946 4115 1176 4204 calvariam,
1207 4127 1246 4186 et
1276 4110 1416 4209 pedes,
1437 4120 1475 4179 et
1502 4127 1609 4176 sum-

496 4213 572 4285 3hu.
947 4239 1028 4286 mas
1055 4238 1206 4287 manus.
1240 4209 1474 4302 'Reversique
1507 4223 1612 4272 nun-

499 4312 638 4384 bmine.
669 4316 753 4386 179.
949 4314 1137 4386 ιίανέειιιιι
1155 4312 1203 4384 ei.
1224 4312 1277 4381 Et
1295 4310 1351 4380 ait
1366 4304 1463 4378 Jehu
1495 4327 1503 4370 τ
1533 4298 1612 4369 Ser·

500 4401 699 4502 fignificat,
719 4402 812 4477 Asta·
947 4437 1010 4485 mo
1032 4411 1186 4484 Dbmini
1206 4422 1284 4496 est,
1323 4427 1438 4503 quem
1469 4397 1615 4472 locutus

496 4507 669 4583 *rectum
688 4533 817 4582 coram
834 4510 911 4583 Db·
947 4510 1096 4609 est'per
1116 4505 1277 4582 seruum
1313 4525 1425 4576 suum
1460 4496 1614 4582 Elium,

496 4608 549 4681 :tis
584 4608 743 4698 diebus,
777 4609 912 4708 quibus
947 4609 1186 4693 Thesbiten,
1228 4604 1364 4675 dicens
1401 4627 1410 4670 t
1450 4597 1493 4667 in
1527 4618 1621 4692 agro

496 4707 671 4796 r'Joiada‚
700 4701 885 4782 sacerdos.
945 4707 1118 4782 Jizrahei
1133 4701 1353 4784 cbmedent
1365 4719 1477 4771 canes
1489 4718 1627 4814 carnes

496 4808 525 4879 i.
545 4807 663 4880 POST
688 4809 826 4880 PENT.
945 4810 966 4880 J
969 4807 1118 4895 azabel,
1134 4817 1178 4876 et
1191 4814 1316 4874 erunt
1328 4817 1459 4870 carnes
1474 4793 1495 4864 J
1499 4792 1632 4870 ezabel

496 4899 568 4971 imo
593 4897 798 4973 Nocturna.
945 4909 1041 4980 sicut
1057 4919 1219 4979 stercus
1234 4887 1504 4997 superficiem
1519 4905 1633 4972 terrae

496 5017 664 5102 tquano
686 5006 845 5105 Regum.
944 5007 983 5081 in
1010 5029 1106 5080 arro
1144 4993 1443 5086 mattheh-ita
1458 5003 1503 5103 11}
1531 5015 1633 5088 prae-

496 5107 581 5202 Cap.
614 5107 712 5194 ‘hs
728 5120 764 5175 et
795 5110 854 5177 tu.
943 5115 1145 5179 tereuntes
1180 5097 1355 5170 dicant:
1375 5093 1550 5164 Haeccme
1579 5115 1629 5167 εε

496 5200 628 5276 licimo
653 5204 805 5293 Jmam,
836 5202 905 5279 filii
939 5196 1493 5278 iilaJe'zabelissrantautem
1507 5183 1633 5268 Achai

503 5358 512 5395 ι
540 5300 710 5402 regnavit
727 5301 904 5378 Ochozias
937 5299 1205 5406 septuaginta
1243 5295 1323 5369 filii
1356 5292 1398 5364 in
1431 5284 1608 5361 Samaria

1618 5438 1632 5555 i
