4509 6209
471 669 542 739 tto
756 663 952 739 Dominiea
979 667 1110 763 quinta
1136 682 1219 763 post
1247 670 1504 743 Pentecosten.

459 821 498 881 et
522 803 795 879 nudiustertius
817 860 825 892 ,
846 803 999 902 quando
1014 826 1114 904 egre·
1221 806 1337 881 non.
1369 806 1417 882 V.
1445 806 1566 882 POST
1584 808 1716 883 PENT.

461 904 687 993 diebaimur,
731 918 770 976 et
819 904 977 977 fuerunt
1026 928 1115 977 rasa
1273 904 1315 976 ln
1355 906 1452 977 rimo
1472 901 1681 975 Nocturna.

470 1005 662 1080 merorum
707 1016 849 1076 sancta.
896 1005 1012 1075 Porro
1053 1003 1115 1075 via
1148 1004 1283 1103 incipit
1308 930 1404 1078 liber
1429 1003 1619 1078 secrindus
1642 1004 1765 1105 Regum

457 1032 537 1178 baec
563 1103 707 1202 polluta
736 1116 823 1187 est,
861 1101 1000 1175 sedet
1033 1102 1114 1199 ipsa
1298 1104 1425 1176 Lectio
1444 1102 1476 1197 j.
1496 1108 1590 1204 Cap.
1621 1108 1656 1177 i.

347 1273 349 1277 ,
457 1202 574 1277 irddie
598 1200 895 1275 sanctificabitur
926 1201 968 1274 in
999 1201 1109 1273 vasis.
1217 1227 1328 1275 acron
1346 1215 1403 1276 est
1428 1216 1586 1291 autem,

457 1302 572 1377 Dedit
594 1326 685 1401 ergo
712 1301 746 1374 ei
775 1299 947 1373 sace'rdos
972 1301 1113 1373 sancti·
1147 1215 1216 1382 F
1243 1299 1412 1375 mortuus
1436 1316 1494 1376 est
1523 1228 1699 1392 Sauffit
1719 1304 1768 1379 lta

459 1402 614 1476 ficetum
646 1424 797 1499 panem.
837 1401 967 1512 Neque
1010 1400 1112 1471 enim
1147 1398 1209 1471 rid
1229 1403 1478 1475 reverteretur
1510 1424 1533 1474 a
1568 1400 1671 1475 caedc
1694 1400 1767 1475 Arm

456 1514 539 1574 erat
575 1499 628 1572 ibi
665 1499 810 1596 panis,
848 1499 920 1571 nisi
964 1511 1112 1571 tantum
1147 1498 1224 1587 lec,
1245 1513 1283 1572 et
1300 1501 1472 1575 maneret
1488 1501 1529 1573 in
1549 1500 1694 1602 Siceleg
1707 1499 1768 1577 duo

457 1624 573 1699 panes
583 1595 871 1697 propositionis,
893 1597 955 1694 qui
974 1595 1112 1670 sublati
1147 1597 1239 1671 dies.
1262 1601 1305 1670 ln
1328 1599 1390 1673 die
1417 1614 1547 1674 autem
1578 1600 1707 1687 tertia,
1730 1624 1768 1701 tp

456 1700 612 1772 frierant
628 1722 651 1770 a
667 1697 763 1769 saieie
789 1696 958 1786 deini,
982 1708 1025 1768 ut
1042 1721 1113 1794 po-
1148 1697 1273 1793 paruit
1293 1696 1410 1772 homo
1428 1699 1586 1773 ve'niens
1605 1698 1653 1773 de
1674 1702 1768 1775 <asu

456 1798 640 1873 nere'ntur
665 1819 781 1893 panes
810 1794 935 1868 calidi.
1147 1795 1260 1885 Saul,
1288 1812 1390 1871 reste
1416 1799 1630 1889 conscissa,
1652 1812 1687 1873 et
1709 1796 1768 1897 prii·

459 1893 726 1991 qssxaudisu,
756 1895 929 1967 deine.
961 1895 1043 1967 178.
1147 1918 1234 1967 rere
1268 1898 1491 1994 conspersus
1520 1911 1650 1995 caput.
1681 1898 1768 1972 Etut

680 1994 806 2065 Lectio
834 1995 887 2089 iij.
1147 1995 1250 2065 vonit
1280 1994 1328 2067 ad
1355 1995 1497 2086 David,
1520 1996 1661 2070 cecidit
1690 2022 1724 2070 su

528 2119 594 2167 mr
623 2106 752 2166 autem
785 2090 838 2164 ibi
871 2092 929 2162 rir
957 2089 1111 2188 quidam
1146 2091 1428 2183 fa'ciemsuam‚
1460 2108 1499 2168 et
1524 2095 1703 2170 adoravit.
1749 2096 1756 2111 '

570 2193 618 2266 de
653 2192 766 2266 servis
809 2188 926 2269 Saul,
972 2191 1011 2262 in
1051 2189 1112 2262 dic
1146 2192 1274 2289 xitque
1308 2192 1357 2265 ad
1388 2218 1475 2268 eum
1501 2193 1625 2268 David
1652 2221 1661 2267 :
1691 2192 1767 2289 Uuss

454 2290 535 2383 illa,
568 2292 670 2365 intus
696 2291 736 2362 in
769 2287 1013 2363 taberndculo
1038 2289 1112 2362 Do·
1147 2291 1288 2365 renis?
1314 2292 1385 2386 Qui
1424 2294 1478 2366 ait
1510 2293 1561 2366 ad
1594 2316 1679 2367 eum
1705 2290 1767 2371 :n

454 2393 549 2465 mini
580 2418 587 2462 ι
622 2405 661 2464 et
692 2411 833 2462 nomen
867 2386 945 2485 ejus
979 2389 1108 2487 Doeg,
1148 2391 1279 2463 castris
1304 2387 1418 2466 lsrael
1438 2392 1535 2491 fugi.
1562 2392 1611 2466 Et
1641 2388 1767 2466 dixitsd

455 2490 638 2564 ldumzeus
656 2544 665 2579 ,
686 2487 965 2586 potentissimus
991 2486 1111 2583 pasto·
1147 2513 1234 2560 eum
1263 2490 1383 2563 Darid
1409 2488 1546 2585 :Quod
1569 2504 1625 2565 est
1643 2490 1766 2565 vermo

455 2615 540 2662 rum
569 2589 656 2660 Saul
698 2587 801 2660 Dixit
834 2599 961 2657 autem
993 2584 1112 2657 David
1146 2587 1248 2683 quod
1273 2589 1419 2663 factum
1441 2589 1526 2663 est?
1548 2589 1673 2663 indica
1688 2589 1765 2663 mihi.

455 2688 503 2761 ad
530 2686 771 2761 Achimeleclr
801 2713 808 2757 :
844 2684 882 2756 Si
908 2681 1025 2757 habes
1049 2683 1131 2832 hiep
1147 2688 1217 2778 Qui
1237 2688 1290 2760 ait
1315 2716 1324 2760 :
1352 2689 1462 2789 Fugit
1475 2687 1638 2787 populus
1654 2712 1767 2788 expre⁴

455 2786 504 2859 ad
533 2811 689 2860 manum
724 2785 901 2872 hastam,
938 2796 1003 2855 aut
1036 2782 1111 2882 glai·
1145 2784 1196 2857 lio
1214 2843 1222 2874 ,
1243 2787 1407 2861 etmulti
1434 2789 1655 2862 corruentes
1682 2784 1767 2885 epi·

456 2885 593 2958 dium?
611 2886 699 2984 quia
722 2882 891 2984 gladium
910 2905 1052 2970 meum,
1073 2895 1112 2954 et
1146 2883 1234 2982 pulo
1260 2885 1398 2960 mortui
1417 2901 1507 2960 sunt
1528 2914 1537 2959 :
1562 2886 1685 2961 sedet
1708 2882 1767 2959 Sd

456 3009 563 3057 arma
601 3009 686 3057 mea
728 3007 805 3055 non
845 2979 912 3054 tuli
944 3004 1107 3053 mecum.
1146 2997 1184 3056 et
1211 2985 1414 3077 Jonathas,
1434 2986 1538 3061 tilius
1564 2987 1664 3086 ejus,
1681 2986 1766 3059 inter·

455 3084 586 3156 Sermo
613 3085 715 3157 enim
744 3082 841 3181 regis
871 3077 1042 3179 urgebat.
1063 3081 1112 3153 Et
1145 3078 1280 3157 ie'runt

455 3182 551 3256 dixit
584 3181 754 3256 sace'rdos
789 3208 796 3252 :
829 3181 926 3252 Ecce
944 3177 1006 3251 hic
1029 3176 1110 3277 gla-
1147 3183 1412 3282 qPraepardte
1434 3182 1553 3258 corda
1575 3197 1694 3259 restra
1712 3178 1762 3255 bi·

453 3280 727 3370 diusGdliath,
753 3278 974 3365 Philistbaei,
996 3301 1109 3375 quem
1145 3280 1274 3369 mino,
1311 3297 1350 3356 et
1386 3283 1523 3356 servite
1555 3283 1611 3356 ilii
1632 3282 1693 3357 soli
1718 3286 1761 3352 τ’

453 3380 663 3478 percussisti
699 3380 738 3452 in
785 3377 890 3452 Valle
931 3373 1109 3470 Terebin·
1144 3381 1194 3452 Et
1226 3379 1402 3455 liberabit
1440 3407 1505 3455 ros
1543 3380 1593 3456 de
1627 3378 1760 3455 minibus

454 3477 541 3567 tbi,
578 3494 634 3553 cst
669 3479 857 3553 inrob'rtus
887 3474 998 3572 paillio
1029 3489 1110 3572 post
1145 3479 1382 3554 inimicbrum
1401 3482 1629 3555 vestrorum.
1655 3479 1758 3557 tcon-

453 3577 577 3675 ephod
612 3606 620 3650 :
655 3580 683 3652 si
718 3579 832 3651 istum
859 3575 914 3646 ris
949 3572 1106 3662 uidere,
1145 3579 1333 3651 vertimini
1352 3578 1401 3651 ad
1422 3606 1509 3653 eum
1534 3582 1574 3653 in
1594 3573 1757 3654 totocorde

458 3676 558 3750 tolie.
585 3679 715 3777 Neque
735 3678 836 3750 enim
855 3671 917 3745 hic
934 3686 991 3744 est
1015 3672 1110 3745 alius
1144 3691 1266 3750 restro
1287 3735 1295 3763 ,
1324 3693 1360 3750 ct
1378 3679 1526 3752 auferte
1546 3679 1638 3753 deos
1661 3676 1764 3777 alie'mti

452 3774 594 3874 absque
649 3801 705 3849 eo.
754 3778 803 3849 Et
845 3773 899 3846 ait
936 3770 1055 3843 David
1098 3799 1106 3842 :
1144 3777 1191 3850 de
1209 3775 1336 3850 mddio
1364 3780 1491 3852 vestri.
1511 3779 1575 3852 Et.
1761 3792 1763 3805 '

450 3875 535 3946 Non
560 3887 617 3947 est
640 3874 730 3949 huic
761 3876 857 3949 alter
888 3868 1031 3961 similis,
1060 3869 1108 3942 da
1362 3883 1508 3954 Lectio
1534 3884 1574 3975 ij.

452 3971 548 4044 mihi
569 3997 669 4044 cum.
1224 3999 1361 4061 nnrqon
1377 3973 1498 4048 David
1522 3974 1572 4048 ad
1586 3970 1767 4069 adolescit}

453 4090 488 4147 κ’.
506 4070 620 4161 dudi,
640 4072 815 4145 Dbmine.
839 4072 924 4143 tet.
1143 3992 1224 4159 D
1240 4086 1330 4161 tem,
1343 4076 1407 4171 qui
1425 4074 1630 4149 nuntiabat
1642 4077 1673 4149 ei
1688 4098 1695 4147 :
1710 4070 1767 4147 ΕΗ

466 4154 472 4171 ’
566 4176 622 4247 Ao
649 4176 889 4275 Magnificat‚
911 4175 1004 4247 Aria.
1144 4169 1192 4244 de
1209 4174 1279 4245 scis
1293 4174 1561 4270 quiambrtuus
1578 4160 1767 4281 estSaubd'

452 4268 598 4342 Montes
625 4268 792 4359 Ge'lboe,
813 4271 829 4300 *
845 4294 916 4346 nec
934 4297 995 4345 ros
1013 4328 1021 4357 ‚
1038 4296 1109 4345 nec
1142 4271 1350 4360 jonathas,
1382 4272 1487 4344 [ilius
1514 4274 1595 4371 ejus
1614 4274 1633 4346 ’ἰ
1672 4272 1712 4345 Et
1728 4274 1767 4341 ut

453 4366 580 4465 pldria
596 4367 751 4441 veniant
777 4395 889 4468 super
906 4396 970 4443 ros
991 4399 999 4442 :
1021 4373 1109 4468 quia
1144 4368 1378 4456 adolescens,
1407 4372 1470 4468 qui
1499 4370 1695 4446 nuntidbet
1713 4367 1760 4441 ei:-

454 4468 494 4538 in
522 4479 558 4541 te
579 4465 748 4562 abjectus
769 4482 825 4541 est
851 4471 1003 4568 clypeus
1026 4468 1109 4542 ἰόν·
1145 4471 1238 4542 Casu
1256 4471 1341 4542 reni
1369 4471 1408 4542 iu
1434 4484 1607 4545 montem
1634 4463 1760 4549 Getboet

452 4565 574 4652 tium,
594 4566 746 4664 clypeus
770 4567 858 4641 Saul
879 4625 886 4654 ‚
908 4570 1013 4666 quasi
1031 4592 1108 4641 non
1144 4582 1181 4641 et
1197 4569 1286 4642 Saul
1316 4568 1565 4643 incumbebat
1590 4592 1697 4669 super
1717 4564 1763 4639 bt·

453 4677 550 4737 esset
565 4680 701 4738 unctus
718 4665 813 4739 oleo.
829 4666 1025 4759 Qudmodo
1043 4692 1108 4740 ce·
1144 4681 1239 4739 stam
1269 4693 1374 4740 suam
1413 4696 1421 4740 :
1457 4694 1572 4766 porro
1606 4668 1765 4743 curm

455 4758 631 4835 ciderunt
655 4764 773 4837 fortes
815 4766 855 4838 in
885 4764 1015 4839 bello?
1040 4764 1108 4838 Jd-
1144 4767 1287 4863 &quites
1305 4765 1665 4866 appropinquabant
1690 4766 1765 4851 citt

454 4858 591 4933 nothas
623 4861 662 4933 in
703 4863 856 4937 excelsis
887 4865 1109 4939 interiectus
1144 4866 1341 4938 conversus
1373 4881 1457 4964 post
1484 4882 1635 4967 tergum
1661 4884 1766 4943 suum

453 4970 513 5031 est
541 4984 550 5031 t
577 4958 665 5033 Saul
688 4974 728 5033 et
752 4962 934 5036 anatbas
965 4963 1110 5037 amdbi-
1143 4964 1424 5062 ridensqneme
1446 4965 1688 5040 vocantem
1704 4976 1766 5037 ou!

454 5053 535 5145 les,
554 5069 594 5131 et
608 5055 736 5131 decdri
754 5060 863 5135 ratde
879 5063 919 5135 in
936 5063 1105 5143 vitame,
1145 5063 1418 5160 respondissem
1456 5093 1464 5135 :
1501 5065 1674 5149 Adsum,
1698 5056 1765 5134 dixit

453 5152 494 5227 in
512 5168 636 5231 morte
660 5180 811 5255 quoque
834 5184 910 5234 non
935 5175 1025 5236 sunt
1047 5160 1108 5233 di·
1145 5162 1267 5234 mibi:
1297 5162 1478 5255 Quisnam
1502 5165 1639 5238 estu?
1660 5164 1702 5237 Et
1725 5156 1765 5231 iio

453 5248 534 5327 visi.
1143 5259 1189 5333 ad
1208 5286 1294 5335 eum
1317 5290 1325 5334 :
1352 5261 1578 5338 §malecites
1603 5287 1670 5364 ego
1691 5278 1758 5335 sun-
