4509 6209
843 681 942 753 l'rria
968 679 1094 775 ‹puutn
1126 675 1172 746 ad
1199 673 1438 745 llatutinum.
1792 677 1840 747 73

496 805 667 883 tlxtltent
679 798 898 883 etlaete'ntur
914 805 953 878 in
969 818 1006 877 te
1020 828 1151 878 omnes
1188 803 1358 879 [licentes
1380 831 1388 876 :
1407 806 1507 878 Deus
1524 800 1723 901 dereliquit
1739 827 1840 893 eum,

496 909 555 1008 qui
590 920 767 1007 quaerunt
807 921 869 996 te,
897 906 912 935 *
950 918 989 978 et
1022 903 1152 977 dicant
1185 912 1482 1011 persequimini,
1526 924 1564 984 et
1603 905 1844 1010 comprehin·

496 997 1148 1106 semper:lllagnilie‹itur1)dminus:
1185 1011 1262 1085 dite
1292 1036 1379 1085 eum
1410 1012 1453 1084 t*
1475 1011 1564 1110 quia
1589 1035 1668 1083 non
1699 1013 1840 1109 estqui

513 1109 553 1181 ui
569 1105 737 1206 diligunt
751 1097 913 1178 salutaire
932 1115 1051 1175 tuum.
1185 1108 1331 1209 eripiat.

496 1133 566 1308 lgo
608 1229 700 1278 vero
737 1204 902 1305 egonus,
939 1215 978 1275 et
1010 1224 1153 1307 pauper
1187 1211 1283 1282 lleus
1303 1267 1312 1302 ,
1333 1233 1381 1283 ne
1410 1200 1594 1308 elonge'ris
1624 1232 1647 1283 a
1682 1231 1744 1280 me
1782 1235 1790 1279 :
1827 1209 1841 1237 *

496 1330 573 1380 sum
594 1304 636 1375 t*
653 1306 778 1393 Deus,
806 1297 940 1400 aidjuva
966 1325 1039 1374 me.
1184 1310 1283 1381 Deus
1297 1332 1423 1400 meus,
1447 1307 1486 1380 in
1509 1304 1690 1379 auxilium
1714 1331 1841 1380 meum

496 1401 650 1503 :ldjtitor
691 1428 835 1490 meus,
885 1414 924 1474 et
972 1391 1153 1473 liberitor
1186 1408 1339 1506 γρςρὶρρ,
1815 1448 1818 1453 -

496 1528 598 1577 meus
640 1527 679 1575 es
703 1515 746 1575 tu
779 1500 840 1575 :.*
873 1497 1061 1590 Mutine,
1104 1522 1152 1571 ne
1188 1502 1503 1596 (loniundintur,
1526 1517 1565 1578 et
1590 1501 1845 1577 deliciantde·

496 1596 664 1676 moreris.
1188 1599 1379 1679 trahentes
1408 1598 1543 1677 ainimae
1573 1627 1665 1676 meae
1690 1631 1698 1675 ε
1719 1603 1734 1634 *
1759 1627 1844 1700 ope·

497 1700 586 1771 lito.
607 1697 768 1773 Domine
793 1698 919 1788 Deus,
948 1696 989 1770 in
1014 1692 1155 1794 adjuti»
1189 1698 1335 1779 'riaintur
1361 1701 1607 1792 confusione,
1636 1715 1674 1774 et
1702 1701 1844 1798 pudore

496 1801 590 1874 rium
616 1822 746 1871 meum
761 1789 928 1871 intdnde.
1213 1805 1251 1876 ui
1275 1815 1448 1903 quarunt
1464 1800 1565 1874 mala
1584 1799 1690 1873 mibi.

496 1900 586 1970 liro.
602 1899 694 1971 Esto
713 1896 819 1970 mihi.
1188 1829 1266 2004 ign
1290 1916 1416 1976 autem
1438 1924 1586 1998 semper
1610 1895 1768 1997 speraibo
1795 1926 1803 1969 :
1830 1900 1845 1927 *

701 1992 867 2066 l‘ssslfflus
893 1993 952 2063 5⁰-
1187 2017 1226 2076 et
1248 1999 1422 2100 adjiciam
1455 2024 1566 2098 super
1592 2022 1745 2072 omnem
1771 1997 1845 2070 lau·

496 2109 552 2274 [a
567 2108 633 2186 te,
662 2094 822 2167 Domine
843 2150 852 2185 ,
881 2094 1026 2193 speravi
1046 2152 1055 2185 ‚
1076 2119 1153 2169 non
1187 2103 1274 2175 dem
1292 2116 1409 2175 tuam.

555 2191 776 2269 conftndar
800 2194 839 2266 in
853 2193 1061 2267 aete‘mum:
1082 2196 1095 2223 ‘
1113 2192 1153 2266 in
1190 2200 1240 2274 Os
1282 2224 1409 2274 meum
1458 2188 1698 2271 annuntiaibit
1732 2197 1847 2294 justi-

496 2290 638 2390 justitia
677 2308 743 2369 tua
771 2291 891 2366 libera
913 2319 1001 2384 me,
1022 2306 1060 2367 et
1085 2285 1154 2368 e'ri·
1189 2301 1280 2373 tiam
1307 2313 1411 2371 tuam
1446 2298 1490 2369 z*
1508 2309 1588 2370 tota
1600 2295 1661 2368 die
1685 2291 1846 2369 salutire

496 2417 539 2491 pe
566 2416 643 2465 me.
1189 2412 1309 2473 tuum.

501 2490 642 2565 lnclina
673 2490 722 2564 ad
740 2516 801 2565 me
819 2516 949 2565 aurem
983 2504 1110 2582 tuam,
1139 2491 1155 2521 *
1191 2496 1374 2589 Qudniam
1388 2519 1465 2568 non
1490 2492 1647 2595 cognovi
1666 2493 1847 2567 litteratri-

500 2602 537 2662 et
549 2589 652 2663 salva
670 2615 745 2664 me.
1147 2589 1159 2611 ⁹
1190 2622 1271 2670 ram
1293 2655 1301 2689 ,
1321 2593 1486 2669 introibo
1507 2593 1547 2665 in
1574 2585 1760 2691 pote'ntias
1777 2593 1846 2666 lat-

503 2691 580 2763 Fsto
612 2688 710 2765 mihi
743 2690 782 2763 in
822 2692 944 2763 Deum
971 2691 1155 2789 protecti>-
1190 2697 1317 2769 mini:
1345 2695 1361 2725 *
1391 2690 1575 2783 Domine,
1608 2686 1849 2766 memoribor

496 2811 602 2881 rrem,
635 2802 675 2863 et
706 2789 901 2863 inlocum
927 2788 1115 2863 munitum
1146 2819 1154 2863 :
1185 2793 1339 2894 justitia
1358 2808 1428 2867 tuae
1442 2791 1566 2864 solius.
1612 2885 1614 2888 v

500 2887 729 2961 'utsalvum
752 2912 813 2961 me
833 2884 964 2962 licias.
1195 2896 1314 2986 lleus,
1347 2890 1505 2964 docuisti
1529 2914 1590 2963 me
1609 2914 1632 2962 a
1650 2888 1848 2986 juventute

503 2983 684 3079 Quoniam
704 2986 987 3060 firmamentum
1005 3011 1155 3079 meum,
1192 3018 1277 3067 mea
1307 2993 1351 3066 τ’
1369 3005 1408 3065 et
1423 3014 1541 3088 usque
1564 3012 1665 3061 nune
1684 3014 1847 3088 pronun·

502 3085 514 3116 '
535 3099 577 3160 et
602 3084 793 3186 refugium
819 3112 1005 3161 meumes
1028 3101 1081 3161 tu.
1192 3088 1294 3167 tiibo
1312 3088 1498 3164 mirabilia
1514 3101 1591 3162 tua.

506 3187 595 3259 Deus
612 3209 742 3277 meus,
761 3178 863 3285 eripe
889 3210 951 3259 me
978 3184 1025 3260 de
1043 3211 1160 3259 manu
1196 3191 1376 3290 litusque
1389 3187 1623 3262 insenictam
1637 3187 1848 3261 etse'nium:

506 3283 728 3382 peccatoris,
744 3285 759 3314 *
776 3299 815 3358 et
831 3285 878 3357 de
896 3310 1012 3359 manu
1029 3301 1161 3360 contra
1193 3291 1209 3321 *
1222 3293 1345 3381 Deus,
1370 3313 1417 3361 ne
1435 3286 1672 3383 derelinquas
1699 3310 1773 3359 me.

509 3383 623 3484 legem
640 3375 787 3485 age'ntis
804 3398 843 3458 et
854 3384 1003 3482 iniqui:
1196 3390 1321 3463 Donec
1376 3384 1600 3460 anm'rntiem
1652 3383 1851 3458 brielrium

514 3482 686 3577 [ironiam
704 3496 748 3556 tu
772 3508 812 3557 es
839 3479 1023 3582 patientia
1043 3509 1159 3577 mea,
1195 3502 1303 3561 tuum
1324 3486 1340 3516 *
1356 3481 1588 3587 generationi
1611 3483 1715 3557 omni
1737 3540 1746 3574 ,
1766 3509 1848 3583 qua

512 3578 660 3657 bomine
681 3609 691 3654 ε
714 3581 730 3611 *
752 3581 910 3657 Domine
931 3641 939 3676 ,
971 3608 1055 3684 spes
1076 3609 1163 3658 mea
1194 3584 1353 3661 ventura
1370 3597 1454 3658 est:

515 3678 734 3778 ejurentrite
750 3707 848 3756 mea.
1201 3684 1407 3759 Potentiam
1446 3696 1572 3771 tuam,
1610 3693 1648 3753 et
1667 3679 1852 3778 justitiam

520 3775 947 3857 luteconfirmritussum
966 3779 1160 3856 extitero:
1197 3798 1323 3877 tuam,
1347 3785 1466 3871 Deus,
1499 3803 1617 3877 usque
1646 3779 1687 3852 in
1717 3780 1855 3855 altissi-

517 3877 597 3954 'de
629 3893 761 3953 ventre
781 3883 912 3956 matris
935 3907 1027 3955 meae
1049 3894 1089 3956 tu
1123 3906 1163 3955 es
1197 3909 1285 3978 ma,
1314 3907 1396 3983 qua
1429 3878 1549 3954 fecisti
1573 3879 1764 3993 magnilia
1799 3909 1806 3953 :
1839 3883 1854 3910 *

518 3972 692 4074 protictor
708 4004 826 4054 meus.
1196 3987 1316 4073 Deus,
1335 3981 1418 4082 quis
1439 3977 1568 4052 similis
1584 3976 1681 4051 tibi?

524 4077 555 4149 ln
573 4092 608 4153 te
636 4071 804 4153 contritio
832 4105 917 4154 mea
942 4104 1122 4179 semper:
1148 4082 1164 4112 *
1200 4082 1354 4173 (bantus
1388 4075 1581 4152 ostendisti
1607 4076 1701 4149 mibi
1725 4077 1848 4150 tribu-

520 4184 699 4277 tamquam
713 4178 926 4277 prodipium
944 4180 1163 4253 sactussum
1198 4179 1352 4256 latidnes
1376 4178 1537 4267 multas,
1570 4189 1609 4248 et
1634 4175 1752 4250 malas
1783 4192 1855 4252 :et
1925 4234 1927 4241 2

523 4276 633 4353 multis
653 4306 663 4351 ι
680 4292 720 4350 et
738 4293 778 4352 tu
791 4245 941 4377 adjutor
954 4279 1071 4352 sortis.
1197 4281 1396 4354 conversus
1425 4275 1618 4349 vivificasti
1649 4299 1744 4348 me:
1777 4277 1793 4306 *
1819 4292 1857 4349 et

528 4369 707 4473 llepleitur
735 4403 777 4450 os
803 4402 931 4451 meum
959 4377 1094 4468 laude,
1123 4392 1166 4451 ut
1198 4379 1245 4454 de
1275 4378 1414 4477 abyssis
1441 4390 1548 4450 terrae
1574 4372 1711 4446 iterum
1741 4374 1857 4448 redu-

525 4489 653 4551 cantem
667 4474 826 4577 gloriam
836 4491 941 4550 tuam
955 4505 963 4549 ι
975 4478 990 4508 '
1008 4490 1087 4551 tota
1103 4476 1165 4549 die
1197 4477 1282 4552 xisti
1313 4502 1374 4550 me
1396 4505 1403 4548 :

526 4574 807 4675 magnitudinem
824 4589 942 4649 tuam.
1205 4574 1452 4676 llultiplicisti
1536 4571 1857 4672 magnificentiam

530 4664 567 4745 Ne
580 4673 748 4773 projicias
773 4700 834 4749 me
855 4677 895 4748 in
919 4668 1087 4790 te'mpore
1111 4698 1164 4747 se·
1198 4691 1334 4752 tuam:
1361 4676 1433 4747 *et
1462 4665 1660 4746 conve‘rsus
1685 4672 1858 4747 consold-

526 4772 667 4849 tttctutis
687 4801 697 4847 ι
718 4776 834 4849 *cum
851 4766 1032 4848 defe'eerrt
1048 4775 1166 4846 virtus
1199 4791 1258 4851 tus
1276 4800 1315 4849 es
1337 4799 1410 4847 me.

527 4885 593 4949 tata
610 4929 619 4965 ,
639 4898 688 4947 ne
718 4872 955 4972 derelinquas
972 4898 1045 4946 me.
1204 4874 1296 4948 Nam
1329 4886 1367 4946 et
1391 4896 1460 4972 ego
1483 4868 1692 4944 confitdbor
1717 4868 1785 4943 tibi
1821 4871 1858 4942 in

531 4964 604 5057 lbia
613 4971 792 5047 dixerunt
801 4971 944 5046 inimici
962 4973 1036 5045 mei
1055 4972 1164 5045 milri:
1198 4975 1296 5046 vasis
1326 4971 1458 5072 psalmi
1475 4968 1672 5042 veritatem
1690 4983 1793 5042 tuam
1816 4997 1824 5040 ε
1844 4972 1858 4999 *

525 5058 592 5147 'et
623 5072 688 5172 qui
712 5068 977 5147 custodiebant
999 5066 1166 5145 dnimam
1199 5075 1316 5163 Deus,
1337 5069 1493 5170 psallam
1517 5067 1585 5142 tibi
1618 5069 1657 5141 in
1688 5068 1855 5156 cithara,

525 5184 661 5266 msam,
685 5170 885 5248 eonsilium
926 5171 1097 5247 fecirunt
1127 5171 1165 5242 in
1200 5184 1353 5245 sanctus
1371 5168 1494 5243 lsrael.

524 5286 639 5345 tuum.
1208 5264 1431 5346 Faulttbunt
1447 5266 1547 5341 libia
1564 5292 1650 5342 mea
1670 5291 1757 5340 eum
1775 5290 1860 5340 can·

558 5397 694 5449 mitt.
1648 5392 1658 5440 a
