4509 6209
474 700 544 769 tto
670 694 767 765 lutra
797 694 915 766 llelnl.
948 696 1105 792 primunt
1137 709 1217 792 pust
1243 699 1325 767 Ocl.
1355 697 1603 770 l'enlccosles.

471 838 563 935 ejus.
599 836 716 908 Porro
757 832 866 907 Anna
903 823 1128 933 loqueba'tur
1161 823 1360 906 asce‘ndit:
1390 831 1488 908 dixit
1511 834 1617 908 enim
1633 835 1714 910 viro
1729 859 1799 913 suu:

472 938 514 1007 in
547 933 660 1009 corde
690 959 778 1024 suo,
817 930 1042 1031 tantumque
1068 922 1129 1003 lai-
1161 933 1246 1005 Non
1273 930 1430 1024 vadum,
1462 932 1586 1009 donec
1611 932 1804 1012 abutitur

477 1035 540 1108 bia
568 1032 666 1108 illius
696 1025 963 1123 movebdntur,
997 1045 1035 1105 et
1055 1054 1129 1102 vox
1162 1031 1289 1104 infans
1316 1045 1355 1105 et
1382 1032 1521 1106 ducam
1551 1057 1659 1126 eum,
1691 1047 1804 1135 utsu-

475 1125 624 1232 penitus
648 1157 726 1206 non
751 1125 987 1205 audiebdtur.
1020 1129 1130 1203 AEsti·
1165 1126 1294 1229 pirent
1314 1144 1401 1204 ante
1425 1156 1516 1205 cons
1552 1132 1669 1206 'ctum
1690 1132 1806 1209 Drini-

477 1226 596 1306 mdvit
618 1257 707 1332 ergo
734 1256 816 1304 eam
846 1231 929 1304 lleli
954 1221 1134 1303 temule'n·
1166 1231 1225 1322 ni,
1253 1241 1294 1305 et
1317 1223 1470 1304 mdnest
1570 1246 1727 1334 jugiter.

480 1348 577 1421 tam,
617 1329 784 1429 dixitque
811 1330 845 1403 ei
886 1356 894 1403 :
931 1330 1132 1427 Usquequo
1163 1345 1198 1426 uf.
1240 1328 1386 1403 Montes
1414 1321 1569 1404 Gelboe.

480 1431 585 1504 ebria
606 1431 702 1505 eris?
726 1428 854 1529 digere
877 1428 1064 1546 paulisper
1080 1426 1132 1498 ri·
1389 1431 1512 1504 tectio
1542 1432 1593 1526 iij.

480 1554 592 1620 num,
621 1555 695 1628 quo
725 1527 867 1601 mades.
893 1526 1135 1625 Respondens
1241 1552 1264 1600 r
1289 1528 1341 1601 ait
1376 1528 1412 1601 ei
1442 1528 1585 1603 Elcunu
1611 1531 1672 1602 vir
1698 1553 1808 1605 suus:

479 1629 606 1720 Anna,
627 1623 890 1728 Nequiquam,
911 1626 1052 1725 inquit,
1072 1624 1135 1697 dd·
1164 1542 1232 1709 Ε
1258 1626 1331 1700 Fac
1360 1626 1463 1725 quod
1492 1626 1637 1702 bonum
1673 1627 1738 1703 tibi
1761 1629 1811 1704 vi-

481 1730 584 1801 mine
609 1728 663 1801 mi
695 1756 703 1800 :
730 1751 821 1799 nam
848 1725 983 1799 mulier
1006 1716 1137 1798 infelix
1170 1720 1298 1817 detur,
1325 1739 1366 1799 et
1386 1749 1498 1801 mane
1521 1725 1648 1803 donec
1665 1726 1807 1806 ablica

481 1829 595 1900 nimis
623 1851 694 1928 ego
723 1851 824 1915 sum,
860 1824 1065 1923 vinumque
1099 1836 1138 1896 et
1170 1848 1257 1896 eum
1295 1852 1303 1897 :
1341 1823 1546 1925 precdrque
1587 1840 1633 1900 ut
1675 1824 1805 2002 im&

482 1950 597 2000 omne
630 1924 732 2024 quod
767 1922 954 1998 inebriire
987 1935 1134 2022 potest,
1172 1921 1352 1997 Driminus
1385 1924 1544 1998 verbum
1581 1949 1706 1999 suum.

483 2049 560 2098 non
590 2024 690 2116 bibi,
721 2023 787 2098 sed
821 2020 936 2096 ellridi
970 2023 1138 2096 inimum
1172 2023 1220 2095 sit
1252 2047 1342 2123 ergo
1368 2023 1516 2114 mulier,
1547 2036 1587 2098 et
1610 2023 1802 2100 lactdritd

483 2148 609 2198 meam
626 2124 667 2196 in
682 2147 772 2197 cons
810 2116 884 2196 'ctu
900 2117 1063 2195 Dimini.
1083 2121 1139 2193 Ne
1172 2121 1265 2194 lium
1303 2147 1439 2213 suum,
1476 2123 1600 2198 donec
1639 2117 1813 2202 amores

485 2226 651 2323 reputes·
673 2222 771 2295 ancil
787 2246 849 2295 am
886 2234 990 2294 tuam
1033 2218 1141 2319 quasi
1172 2245 1259 2293 eum
1291 2245 1314 2294 a
1345 2221 1454 2296 lacte.
1481 2222 1533 2296 Et
1553 2221 1711 2297 adduxit
1736 2179 1813 2326 cml

483 2348 600 2395 unam
626 2321 674 2395 de
692 2320 842 2393 filidbus
869 2319 984 2393 Belial
1015 2346 1023 2392 :
1051 2320 1140 2418 quiu
1173 2344 1314 2409 secum,
1342 2334 1426 2419 post
1452 2345 1541 2393 uam
1560 2319 1798 2414 ablactes-su,

484 2447 530 2494 ex
556 2417 797 2494 multitidine
822 2417 959 2493 doliris
988 2433 1027 2492 et
1049 2442 1138 2491 moe·
1173 2419 1211 2490 in
1235 2419 1360 2492 vitulis
1387 2346 1524 2512 trilus,
1550 2435 1591 2495 et
1613 2419 1732 2495 tribus
1748 2417 1800 2496 ni

484 2520 578 2594 rdris
611 2520 686 2593 mei
710 2518 835 2592 locutu
860 2543 944 2591 sum
965 2519 1140 2616 usquein
1173 2517 1244 2591 diis
1273 2519 1420 2611 farinae,
1458 2525 1506 2593 et
1529 2511 1714 2618 dmplroru
1731 2519 1813 2614 vini]

513 2643 660 2693 raesens.
702 2618 810 2691 Tunc
849 2617 931 2691 lleli
967 2617 1021 2690 ait
1054 2617 1088 2690 ei
1128 2644 1137 2689 ε
1174 2630 1212 2691 et
1251 2615 1410 2692 adduxit
1449 2642 1537 2691 eum
1580 2617 1630 2692 sd
1671 2619 1798 2694 domm

484 2646 590 2792 lade
619 2719 658 2790 in
685 2742 776 2816 pace
806 2744 814 2787 ε
843 2730 882 2789 et
904 2718 1004 2790 Deus
1028 2716 1139 2789 lsrael
1175 2718 1325 2790 deini
1365 2717 1404 2789 in
1443 2718 1532 2790 Silo.
1572 2720 1672 2791 Puer
1701 2731 1803 2796 culn

485 2817 550 2891 det
567 2815 634 2890 tibi
652 2816 871 2915 petitidnem
892 2829 1009 2905 tuam,
1025 2839 1139 2915 quam
1174 2829 1256 2890 erut
1283 2816 1408 2890 adhuc
1438 2811 1650 2890 iufdntulus
1670 2845 1679 2890 ε
1703 2830 1740 2892 et
1755 2811 1813 2892 ἤι’

487 2915 625 3016 rogdsti
644 2918 818 2989 eum..Et
834 2915 899 2987 illa
918 2914 1013 2988 dixit
1039 2916 1141 2990 :Uti-
1174 2914 1409 2989 molaveruut
1439 2915 1619 3008 vitulum,
1652 2929 1691 2990 et
1718 2913 1802 2990 ulls·

486 3040 575 3088 nam
605 3008 772 3087 inveniat
803 3013 938 3088 ancilla
965 3027 1029 3087 tua
1058 3009 1140 3115 grci-
1174 3016 1301 3088 le'runt
1342 3017 1475 3089 derum
1502 3014 1598 3088 lleli.
1625 3011 1802 3091 Etaieis

487 3115 578 3187 tiam
603 3115 643 3186 iu
669 3112 785 3186 riculis
810 3113 897 3186 tuis.
1175 3139 1253 3187 na:
1282 3042 1463 3205 oiseem,
1496 3115 1550 3187 mi
1575 3112 1744 3208 dimine,
1766 3111 1813 3222 ri·¹

479 3231 514 3289 r.
552 3213 737 3287 Percussit
767 3212 881 3304 Saul,
913 3233 955 3289 ut
977 3217 1077 3288 iufra
1095 3218 1133 3289 iu
1174 3214 1229 3286 vit
1258 3214 1386 3287 {mima
1416 3227 1501 3304 tua,
1533 3210 1688 3288 dimine
1716 3242 1725 3287 τ
1753 3225 1813 3314 egel

485 3320 521 3410 ij.
548 3318 656 3391 Nocl.
678 3319 802 3389 Diriccc
820 3317 872 3414 iij.
894 3319 1043 3390 l’errter.
1175 3337 1256 3385 sum
1289 3311 1353 3385 illa
1378 3311 1516 3385 muilier
1542 3337 1628 3410 quae
1657 3313 1740 3387 steti
1760 3333 1803 3412 eq·

709 3418 830 3490 Lectio
863 3417 901 3514 ij.
1175 3438 1257 3485 ram
1291 3426 1328 3485 te
1365 3410 1429 3484 hic
1463 3435 1576 3484 orans
1611 3409 1801 3486 deiuuu.

511 3579 529 3644 ἦ
564 3537 587 3584 r
635 3505 729 3583 a'biit
777 3509 915 3583 mulier
956 3511 994 3583 in
1038 3510 1139 3582 viam
1174 3512 1246 3584 Pro
1276 3512 1393 3609 puero
1421 3510 1492 3583 isto
1529 3510 1660 3601 oriri,
1688 3525 1726 3585 et
1753 3508 1805 3584 ds·

490 3530 695 3699 Esuanr,
717 3623 755 3683 et
784 3610 969 3700 comedit,
1001 3609 1140 3683 suluis-
1174 3609 1232 3683 ‹lit
1264 3610 1357 3682 mihi
1394 3607 1578 3682 deinus
1609 3610 1805 3708 petitiduen

485 3734 558 3807 que
598 3709 695 3783 illius
729 3735 806 3783 non
842 3721 931 3783 sunt
979 3708 1140 3808 implius
1175 3734 1329 3802 meam,
1367 3733 1481 3807 quam
1511 3704 1698 3807 postulairi
1726 3731 1804 3783 cun.

484 3809 525 3880 in
550 3802 696 3880 dirdrsa
725 3801 872 3881 muniti.
904 3809 953 3880 Et
974 3806 1140 3881 surrexe·
1174 3806 1316 3882 ldcirco
1339 3822 1377 3881 et
1394 3831 1463 3907 ego
1485 3801 1726 3883 commoddvi
1740 3827 1806 3883 eu!

485 3919 576 3978 runt
596 3931 726 3997 mane,
752 3921 790 3980 et
812 3905 1064 3979 adoraverunt
1080 3932 1139 3980 co·
1175 3908 1338 3980 deino
1362 3906 1506 3980 cunctis
1523 3901 1677 3996 dielrus,
1697 3906 1813 4007 quibu·

485 4029 567 4077 rum
586 4002 746 4078 Dimino
774 4034 781 4077 :
808 4002 1018 4104 reversique
1035 4020 1136 4097 sunt,
1173 4004 1289 4079 fuerit
1305 3999 1565 4080 commoddtus
1590 4003 1808 4080 musinuli

485 4118 525 4177 et
549 4103 735 4178 vene'runt
767 4105 806 4176 in
843 4101 1000 4175 domum
1031 4128 1138 4177 suam
1173 4103 1426 4179 adoraverunt
1454 4103 1507 4177 ibi
1533 4105 1750 4179 Ildminuur.

483 4200 683 4277 Rimathu.
711 4200 893 4305 Cogndrit
922 4216 1050 4276 sutem
1079 4205 1138 4276 El·
1171 4223 1205 4305 q.
1239 4206 1320 4305 Ego
1351 4203 1496 4277 tetuli.

485 4327 581 4376 cana
615 4300 764 4375 Annam
795 4305 950 4375 usdrem
985 4326 1091 4375 suam
1126 4332 1135 4377 :
1307 4300 1446 4375 FEerl
1473 4301 1681 4396 QUARTA.

484 4415 523 4475 et
539 4395 756 4476 reccrddtus
772 4415 828 4475 est
844 4401 924 4498 ejus
934 4398 1134 4475 deinus.
1237 4404 1292 4475 Ile
1324 4400 1420 4475 libro
1450 4401 1574 4500 primo
1599 4403 1752 4502 Regum.

483 4500 532 4573 Et
569 4501 711 4576 factum
744 4515 800 4573 est
832 4513 917 4614 pust
956 4498 1138 4574 circulum
1286 4511 1409 4582 lulio
1438 4510 1461 4598 j.
1496 4505 1587 4602 Cap.
1620 4507 1657 4575 2.
1683 4527 1705 4572 c

485 4597 654 4690 dierum,
687 4596 859 4698 conce'prt
880 4597 1007 4690 Anne,
1027 4614 1065 4673 et
1080 4594 1140 4699 pe'·
1238 4626 1330 4674 orno
1355 4590 1436 4672 filiix
1453 4600 1555 4692 Heli,
1591 4600 1664 4673 filii
1691 4593 1810 4680 Belid.

485 4698 583 4795 perit
598 4698 741 4785 filium,
761 4696 982 4796 vocavitque
998 4723 1138 4773 nomen
1171 4614 1237 4783 P
1272 4700 1481 4773 nescientes
1510 4697 1731 4789 neminum,
1757 4715 1813 4768 ne·

486 4797 565 4894 ejus
594 4790 745 4871 Sdmuel
775 4825 783 4869 :
813 4822 858 4871 eo
888 4797 987 4896 quod
1013 4823 1036 4870 a
1059 4797 1138 4871 Dt-
1172 4822 1244 4894 que
1262 4799 1429 4872 ossiciuru
1451 4797 1689 4872 sacenlr'rtum
1704 4794 1749 4870 sd
1763 4795 1813 4894 pi·

483 4896 589 4969 mino
615 4892 838 4995 postuldsset
865 4920 965 4969 eum.
996 4893 1139 4969 Ascen-
1171 4896 1300 5067 qsulum
1335 4927 1342 4970 :
1375 4897 1441 4971 sed
1454 4895 1685 4996 quicumque
1699 4898 1813 4970 immo·

483 4994 540 5068 dit
570 5009 697 5070 autem
723 4995 780 5067 vir
807 4996 887 5092 ejus
913 4996 1067 5084 Elusus,
1101 5010 1140 5069 et
1186 4988 1282 5069 sisset
1306 4997 1517 5087 victimam,
1536 4990 1715 5071 venie'but
1735 5011 1813 5094 pue

478 5095 601 5168 omnis
624 5094 759 5167 domus
783 5093 880 5191 ejus,
908 5108 951 5168 ut
967 5088 1138 5170 immold·
1172 5094 1401 5186 sacerdotis,
1442 5094 1534 5168 dum
1575 5094 1813 5194 coquerentur

481 5207 540 5268 ret
551 5192 712 5268 deino
729 5190 889 5265 hristium
903 5194 1134 5286 sole'mnern,
1171 5218 1320 5283 carnes,
1350 5207 1391 5267 et
1406 5191 1577 5269 lrabebst
1601 5193 1813 5269 fuscinuln

481 5307 519 5368 et
545 5308 675 5368 sotum
710 5316 840 5384 suurn,
867 5305 905 5365 et
929 5291 1036 5367 llnna
1060 5318 1138 5367 non
1172 5286 1373 5368 tride'ntem
1396 5293 1435 5367 in
1459 5317 1578 5369 manu
1594 5319 1678 5387 sua,
1697 5309 1736 5372 et
1750 5289 1813 5369 urit
