4509 6209
478 708 529 810 xij
775 706 982 777 Commune
996 702 1271 805 Apostolorum.
1293 706 1338 779 ll.
1358 706 1476 805 Vesp.

476 852 514 961 tp.
542 841 931 965 llimisrconfortotus'
956 853 1014 917 est
1036 841 1135 941 prin·
1167 838 1262 917 Ario.
1290 835 1460 959 collocet
1485 862 1580 915 eum
1609 842 1650 958 Ἰ

474 957 781 1043 ‘¹¹⁰¹
1113 936 1650 1119 ,pn

475 1142 520 1215 ln
534 1131 718 1241 pationtia
733 1150 868 1213 vesun.
1109 1200 1112 1205 .
1196 1154 1386 1228 'suum
1413 1134 1557 1238 prieri,
1595 1138 1650 1215 Do

580 1234 807 1331 Capitulum.
835 1240 919 1308 Act.
941 1236 978 1309 5.
1005 1261 1034 1335 g
1246 1235 1262 1266 *
1276 1232 1434 1313 taudtte
1446 1261 1595 1313 nomen
1618 1242 1649 1313 D

472 1351 619 1519 Iecur
659 1334 828 1436 Apostoli
873 1332 1080 1452 puudontes
1107 1357 1131 1406 a
1164 1331 1220 1406 sit
1235 1355 1375 1410 nomen
1393 1332 1554 1411 Domini
1572 1335 1646 1413 ben

524 1460 615 1510 cons
641 1435 728 1511 octu
752 1432 920 1524 concilii,
952 1432 1131 1533 quoniam
1164 1432 1180 1463 *
1198 1456 1245 1505 cx
1270 1431 1344 1508 hoc
1377 1460 1513 1530 nunc,
1570 1451 1611 1514 et
1638 1465 1650 1512 ι

473 1535 580 1636 digni
613 1460 734 1609 liobiti
762 1544 852 1607 sunt
879 1558 948 1631 pro
978 1528 1131 1607 nominc
1163 1531 1352 1607 soeculum.

472 1636 561 1710 Jesu
578 1631 952 1730 contumc‘liompoti.
1163 1630 1298 1705 Asolis
1313 1645 1406 1706 ortu
1422 1658 1546 1735 usque
1563 1633 1650 1710 ado

472 1742 511 1827 tl·
548 1731 607 1803 br.
631 1732 751 1807 Nimis
775 1728 952 1804 honoroti
979 1744 1069 1805 sunt
1107 1732 1130 1777 *
1163 1726 1386 1823 *laudobile
1403 1756 1550 1809 nornen
1567 1732 1649 1808 Dor

472 1830 594 1905 Amici
611 1831 688 1923 tui,
707 1831 820 1905 Deus.
855 1828 988 1903 Nimis.
1008 1830 1045 1909 il'.
1065 1830 1129 1905 Ni·
1163 1820 1340 1903 Excolsus
1367 1854 1485 1931 super
1513 1856 1646 1907 omnes

472 1930 544 2005 mis
585 1928 821 2005 confortotus
860 1941 919 2002 est
948 1926 1131 2029 principo·
1163 1925 1368 2022 Dominus,
1394 1930 1410 1963 *
1424 1944 1466 2007 et
1481 1956 1598 2032 super
1612 1956 1650 2007 oo

472 2041 532 2103 tus
546 2024 689 2102 eorum.
718 2024 852 2101 Amici.
873 2023 1002 2101 Gloria
1012 2029 1126 2103 Patri.
1163 2025 1220 2099 ria
1235 2027 1327 2127 ejus.

472 2127 604 2201 Nimis.
625 2123 664 2203 it.
697 2125 1060 2201 Annuntiavorunto
1163 2125 1253 2219 Quis
1277 2127 1373 2201 sicut
1399 2124 1587 2204 Dominus
1618 2132 1649 2203 D

471 2250 516 2299 ro
531 2227 613 2300 Dei.
630 2234 670 2320 nt.
705 2226 755 2299 Et
770 2226 875 2300 lactu
891 2226 970 2327 ejus
987 2224 1066 2302 inte
1079 2226 1129 2301 le·
1163 2237 1250 2315 ster,
1272 2224 1337 2323 qui
1369 2227 1410 2298 in
1444 2226 1531 2303 altis
1559 2228 1650 2302 hobit

470 2324 621 2400 xorunt.
1163 2320 1324 2399 humilia
1348 2318 1502 2424 rospicit
1528 2327 1571 2400 in
1591 2326 1650 2402 coel

568 2423 611 2495 ln
636 2420 811 2495 secundis
841 2424 1026 2525 Vesperis.
1164 2421 1294 2497 terra?
1574 2426 1576 2433 '

468 2519 561 2593 ,sno
594 2520 749 2596 'Jurovit
780 2519 988 2613 Dominus,
1032 2524 1048 2555 *
1092 2536 1131 2599 et
1162 2522 1351 2597 Stiscitnns
1380 2546 1404 2596 a
1429 2534 1533 2597 terra
1553 2523 1650 2624 inope

470 2644 549 2694 non
577 2613 777 2721 poenite'bit
801 2646 890 2696 eum
912 2651 921 2697 ε
943 2626 1002 2697 Tu
1019 2646 1126 2697 csso·
1161 2618 1209 2695 dc
1234 2612 1397 2695 storcore
1414 2618 1563 2723 origens
1577 2626 1650 2723 ponp

470 2712 603 2795 cordos
619 2720 660 2795 in
681 2713 878 2795 aete'rnum.
1161 2722 1211 2797 Ut
1225 2718 1381 2795 collocet
1405 2744 1498 2795 cum
1518 2747 1603 2797 cum

666 2817 832 2895 Psalmus
849 2824 934 2897 109.
1161 2816 1254 2913 bus,
1297 2820 1313 2851 *
1364 2844 1454 2894 cum
1488 2748 1650 2921 principo

552 2942 623 2990 nur
639 2915 821 2991 Dominus
835 2914 998 2992 Domino
1015 2944 1123 2994 meo:
1160 2917 1238 3017 puli
1263 2918 1334 2991 sui.

468 2928 583 3099 D*
596 3015 691 3090 Sede
710 3041 732 3090 a
749 3016 890 3092 dextris
904 3018 1022 3092 meis:
1159 3018 1230 3115 Qui
1262 3014 1435 3091 habitorc
1465 3017 1556 3094 fncit
1581 3016 1650 3093 ston'

464 3115 596 3189 ttonec
628 3115 956 3214 ponam-inimicos
973 3131 1080 3211 tuos,
1108 3121 1124 3151 *
1157 3112 1290 3208 domo,
1322 3118 1338 3148 *
1372 3130 1535 3192 matrem
1564 3118 1650 3191 olion

466 3207 670 3288 scabellum
688 3214 829 3314 pedum
856 3215 1020 3289 tuorum.
1158 3215 1313 3288 tontem.

462 3313 618 3414 virgam
639 3311 787 3387 virtotis
805 3329 876 3388 tuae
890 3315 1036 3389 emittet
1052 3314 1122 3389 Do·
1157 3319 1250 3389 Ano.
1302 3310 1465 3388 collocet
1502 3341 1587 3389 curn
1621 3316 1650 3387 D

465 3412 591 3485 minus
608 3437 651 3485 ex
672 3413 763 3485 Sion
791 3440 799 3485 ε
828 3417 843 3444 *
870 3414 1066 3487 dominore
1082 3417 1118 3486 in
1155 3437 1241 3485 curn
1265 3408 1497 3511 principibus
1515 3413 1650 3513 populis

464 3503 844 3585 me'dioinimicorum
863 3515 1026 3586 tuorum.
1155 3515 1248 3588 Ario.
1280 3511 1482 3609 Dirupisti,
1515 3513 1649 3587 Domine

461 3611 605 3683 'lecum
637 3609 862 3709 principium
890 3613 929 3684 in
956 3611 1017 3684 die
1041 3612 1121 3683 vir·
1154 3610 1238 3683 culn
1255 3634 1340 3683 mea
1360 3639 1369 3681 :
1389 3612 1404 3641 *
1422 3611 1490 3686 tibi
1513 3609 1650 3685 sacrifici

465 3705 553 3781 totis
580 3722 651 3783 tuae
683 3710 721 3782 in
747 3709 1006 3807 splendoribus
1023 3711 1121 3783 San·
1153 3709 1263 3783 stiam
1281 3708 1415 3783 laudis.

463 3807 610 3881 ctorum
630 3836 637 3879 :
659 3809 862 3883 *extitero
883 3824 971 3883 ante
984 3809 1120 3883 lucife-
1351 3815 1519 3891 l’salrnus
1543 3822 1610 3889 tn.

462 3931 547 3979 rum
565 3902 678 4007 ge'nui
706 3921 754 3980 te.
1223 3931 1338 3979 uremur
1355 3922 1511 4007 propter
1540 3904 1626 4008 quod
1639 3902 1649 3976 l

459 4006 607 4079 ‚lurovit
621 4004 830 4100 Dominus,
851 4020 889 4080 et
907 4031 985 4079 non
1065 4008 1117 4080 ni·
1152 3924 1220 4095 C
1238 4031 1322 4079 sum
1345 4034 1353 4079 :
1377 4008 1392 4037 *
1407 4031 1477 4109 ego
1491 4003 1650 4082 auternlru

462 4098 555 4175 te'bit
573 4129 659 4176 eum
682 4133 689 4175 :
717 4106 732 4135 *
762 4107 819 4178 Tu
834 4131 873 4178 es
890 4033 1062 4180 socordio
1078 4107 1118 4179 in
1152 4118 1210 4178 tus
1227 4130 1311 4179 sum
1329 4104 1457 4181 nimis.

460 4196 642 4275 aetornum
687 4204 895 4278 secondum
946 4203 1117 4278 ordinem
1150 4210 1229 4303 ano
1263 4203 1340 4276 dixi
1374 4205 1416 4279 in
1456 4200 1596 4280 exce'ssu
1618 4225 1650 4274 m·

459 4301 746 4375 Melchisedech.
1152 4302 1284 4376 Omnis
1312 4302 1430 4377 homo
1457 4304 1613 4379 mendas.

461 4397 640 4474 Dominus
658 4400 833 4474 adextris
852 4401 940 4490 tuis,
975 4403 988 4433 *
1021 4427 1116 4476 con·
1150 4401 1249 4500 Quid
1276 4401 1482 4477 retribuam
1504 4401 1650 4481 Domino,

458 4495 517 4571 fro
530 4501 573 4597 ,it
599 4502 637 4573 in
663 4499 726 4574 die
752 4501 815 4573 irae
829 4526 903 4573 suae
918 4526 1036 4603 reges.
1150 4497 1354 4594 omnibus,
1390 4528 1485 4604 -quae
1523 4494 1650 4577 retribuit

455 4526 649 4673 ..luoicobit
672 4601 711 4672 in
725 4597 1116 4699 nationibus,implo-
1150 4597 1218 4671 hi?
1622 4692 1629 4708 ι

459 4692 514 4767 bit
538 4699 694 4771 ruinas:
726 4700 741 4728 *
773 4699 1038 4797 conquassobit
1055 4700 1111 4774 co·
1148 4699 1311 4776 Colicem
1339 4698 1512 4774 solutoris
1539 4694 1650 4793 accipttt

458 4794 537 4890 pita
553 4796 592 4867 in
607 4811 706 4870 terra
723 4798 945 4872 multorum.
1148 4811 1186 4871 et
1203 4822 1341 4871 nornen
1365 4797 1517 4873 Domini
1532 4788 1650 4872 ins-ooth

461 4895 512 4965 lte
547 4896 712 4969 torronte
745 4898 784 4968 in
826 4897 887 4970 via
925 4896 1031 4973 bibet
1059 4924 1068 4969 ε
1097 4897 1113 4932 *
1147 4904 1242 4972 tora
1266 4921 1353 4971 mea
1381 4896 1540 4972 Domino
1556 4888 1650 4969 reddit

458 4985 656 5089 proptorea
676 4995 855 5068 exaltobit
871 5011 996 5094 caput.
1147 5021 1229 5068 ram
1259 4997 1364 5070 omni
1396 4996 1533 5096 populo
1548 4994 1610 5094 ejus
1625 4984 1648 5029 ·'

458 5092 547 5162 flou.
590 5087 737 5167 Jura'vit
759 5091 958 5187 Dominus,
979 5109 1111 5169 etnon
1147 5093 1519 5195 tiosainconspoctu
1534 5088 1643 5169 Donum

452 5181 647 5288 poenitobit
674 5217 761 5267 eum
779 5221 786 5265 :
804 5195 862 5268 Tu
884 5219 922 5269 es
939 5193 1111 5270 sacordos
1144 5193 1361 5267 sanctorum
1380 5195 1473 5295 ejus.

455 5289 704 5365 inaetc'rnum.
1144 5306 1181 5388 t)
1214 5290 1392 5390 Domine,
1439 5294 1525 5395 quia
1560 5299 1650 5389 rgo!
