4509 6209
493 667 620 743 lxxxiv
872 660 1077 728 Commune
1109 659 1321 754 i'irginum.
1353 661 1396 730 ii.
1426 661 1536 732 Nos-t.

493 798 713 890 lotionibus,
734 795 1061 896 quaintenorunt
1079 818 1149 866 nos
1180 782 1322 889 gregiti
1356 805 1446 865 sunt
1486 820 1496 865 ε
1538 795 1554 823 ⁶
1581 820 1679 870 ooun

491 904 617 977 nimis.
1180 913 1220 959 tn
1251 914 1383 962 unum.

489 1005 562 1075 Pro
590 998 694 1073 te'rea
716 1020 792 1068 non
823 991 1040 1067 timobimus
1055 990 1148 1064 dum
1183 989 1255 1085 ipsi
1276 984 1448 1064 side'ntes
1470 993 1524 1065 sic
1540 990 1679 1066 admira

496 1027 712 1175 turbobitur
735 1110 864 1167 tona:
891 1095 904 1121 '
928 1105 966 1165 et
989 1090 1149 1165 transie·
1182 1086 1396 1162 conturboti
1414 1104 1518 1179 sunt,
1536 1096 1678 1165 commo

494 1200 627 1273 routur
651 1207 799 1269 montes
826 1194 865 1265 in
889 1216 956 1264 cor
985 1191 1111 1263 maris.
1182 1189 1197 1214 '
1222 1200 1366 1260 tremor
1391 1189 1640 1288 apprehondit
1662 1218 1680 1265 e

491 1298 739 1383 Sonuorunt,
780 1305 820 1365 ct
862 1290 1019 1364 turbotae
1062 1301 1152 1362 sunt
1185 1283 1241 1359 lbi
1269 1286 1419 1360 dolores
1452 1303 1496 1363 ut
1527 1289 1680 1389 parturio

493 1397 743 1495 aquaecorum
766 1420 774 1464 :
794 1394 809 1419 *
827 1383 1043 1463 conturboti
1061 1402 1151 1461 sunt
1182 1383 1223 1456 in
1256 1385 1388 1484 spiritu
1422 1388 1636 1463 veheme'nti
1668 1417 1681 1463 c

469 1509 643 1568 montes
666 1494 705 1565 in
722 1489 1055 1587 fortitodinccjus.
1183 1508 1297 1557 naves
1328 1485 1494 1561 Thamis.

491 1594 673 1667 i'lominis
695 1592 858 1689 impetus
875 1587 1040 1662 laetificat
1055 1586 1151 1660 civi-
1183 1584 1289 1658 Sicut
1313 1584 1552 1676 audivimus,
1589 1591 1640 1661 sic
1673 1614 1681 1652 ι

492 1693 611 1766 totcm
627 1691 696 1766 Dei
731 1681 1053 1762 z'sanctiiiczivit
1090 1699 1152 1759 ta-
1181 1683 1222 1754 in
1261 1680 1410 1757 civitaite
1444 1688 1594 1760 Domini
1626 1690 1681 1759 vin

492 1783 738 1865 bemoculum
757 1812 866 1860 suum
892 1785 1113 1859 Altissimus.
1183 1782 1222 1853 in
1251 1779 1401 1857 civitote
1431 1787 1499 1859 Dei
1533 1789 1674 1860 nocui:

494 1890 656 1963 neusin
685 1881 811 1960 me'dio
829 1887 928 1983 ejus,
962 1910 1151 1963 noncom·
1181 1880 1358 1955 fundotit
1380 1909 1465 1957 eam
1496 1888 1536 1958 in
1567 1880 1682 1959 aete'nu

493 1982 707 2062 movobitur
739 2014 748 2057 ε
793 1984 1031 2083 *adjuvabit
1064 2011 1148 2059 eam
1181 1982 1438 2080 Suscopimus,
1477 1987 1598 2070 Deus,
1631 1987 1682 2056 mi:

492 2088 592 2161 Deus
618 2110 729 2160 mane
747 2083 925 2161 dilocuio.
1064 2151 1066 2153 ,
1182 2077 1284 2152 diam
1313 2095 1435 2174 tuam,
1468 2085 1484 2113 *
1515 2086 1554 2157 in
1588 2079 1682 2157 me'di

489 2180 728 2259 Contucbotae
758 2198 846 2257 sunt
862 2198 1011 2284 gentes,
1038 2186 1148 2259 etin·
1182 2178 1232 2276 pli
1262 2180 1328 2252 [ui.

493 2284 633 2358 clinota
673 2298 760 2357 sunt
797 2308 915 2383 regna
949 2311 957 2355 :
993 2287 1008 2313 *
1043 2284 1150 2358 dedit
1179 2277 1394 2354 Secondum
1415 2307 1554 2355 nomen
1574 2297 1682 2355 tuum

487 2409 623 2458 vocem
657 2408 786 2472 suam,
819 2397 925 2456 mota
949 2397 1006 2456 est
1031 2398 1144 2458 terra.
1181 2378 1235 2450 sic
1261 2393 1299 2452 et
1329 2379 1410 2453 laus
1436 2395 1504 2454 tua
1519 2384 1561 2455 in
1587 2382 1672 2454 fines

492 2482 671 2557 Dominus
699 2482 884 2555 virtutum
914 2481 1145 2556 nobiscum:
1181 2478 1196 2507 *
1208 2476 1359 2574 justitia
1375 2480 1489 2578 piena
1505 2495 1562 2554 ost
1584 2474 1683 2554 doute

492 2581 508 2645 ,*
535 2583 727 2680 suscoptor
749 2595 877 2677 noster
893 2583 993 2655 Deus
1012 2581 1143 2657 Jacob.
1180 2571 1343 2653 Laetotur
1376 2605 1486 2652 mons
1520 2582 1628 2668 Sion,
1661 2598 1683 2650 ct

492 2681 644 2773 benite,
673 2694 711 2754 et
741 2679 865 2754 vidote
890 2679 1003 2778 opera
1027 2679 1149 2755 Domi·
1182 2688 1263 2748 tent
1290 2676 1380 2751 iiliae
1413 2679 1542 2768 Judae,
1573 2683 1683 2778 *prot

493 2780 550 2862 ni,
585 2806 668 2878 quae
693 2780 817 2877 posuit
842 2779 949 2878 prodi
978 2780 1014 2851 ia
1036 2805 1149 2879 super
1179 2772 1278 2847 dicia
1305 2789 1386 2866 tua,
1412 2780 1586 2851 Domine.

493 2891 633 2951 terram
658 2881 701 2950 :*
719 2879 896 2952 ouferens
912 2806 1012 2952 bean
1029 2905 1147 2980 usque
1180 2874 1420 2951 Circomdate
1445 2878 1565 2963 Sion,
1602 2892 1636 2950 ct
1661 2903 1684 2948 o

491 2976 542 3050 ad
573 2977 689 3051 finem
715 2992 833 3051 terne.
1180 2973 1323 3048 etimiui
1350 2978 1659 3049 eam:·nar1=ne

490 3081 633 3151 Arcum
661 3075 843 3167 conteret,
870 3090 909 3151 et
932 3076 1148 3177 confringet
1180 3069 1282 3143 ribus
1312 3073 1404 3172 ejus.

490 3200 597 3249 arma
604 3201 615 3267 ;
631 3178 646 3205 '
660 3190 698 3249 ct
715 3190 820 3249 scuta
837 3174 1034 3250 comboret
1052 3177 1142 3276 igni.
1178 3170 1307 3250 Ponite
1335 3172 1452 3247 corda
1480 3190 1601 3249 vestm
1624 3175 1658 3245 in

490 3269 623 3349 i'acote
652 3289 691 3348 et
714 3275 850 3365 vidote,
877 3274 1055 3373 quoniam
1075 3301 1146 3375 ego
1178 3270 1257 3366 ejus
1274 3299 1283 3342 ε
1298 3271 1684 3347 *etdistriboitedonn

489 3399 579 3447 sum·
601 3377 701 3447 Deus
721 3401 730 3446 ε
751 3376 765 3404 *
789 3372 984 3447 exaitobor
1001 3375 1040 3446 in
1057 3376 1145 3473 gon·
1179 3384 1221 3442 ut
1238 3365 1420 3444 enarrotis
1443 3374 1481 3445 in
1510 3376 1674 3473 progouie

490 3472 612 3562 tibus,
650 3487 688 3546 et
722 3471 916 3546 exaltobor
949 3474 988 3545 in
1030 3487 1141 3546 terra.
1178 3472 1366 3568 Quoniam
1402 3471 1465 3544 hic
1496 3487 1553 3546 est
1577 3476 1685 3549 Deus,

486 3574 669 3648 Dominus
706 3572 889 3645 virtotum
916 3570 1142 3645 nobiscum:
1179 3582 1306 3642 noster
1334 3570 1373 3641 in
1402 3572 1605 3659 aetornum,
1633 3585 1665 3641 et

488 3667 714 3769 *susce'ptor
738 3684 866 3744 noster
889 3672 988 3744 Deus
1009 3671 1140 3745 Jacob.
1178 3667 1304 3740 cuium
1343 3669 1467 3742 saecuii
1503 3699 1511 3742 :
1549 3673 1564 3698 *
1604 3672 1671 3767 ipse

485 3778 578 3850 Asta.
611 3769 814 3867 Adjuvobit
839 3794 922 3843 cam
951 3772 1052 3844 Deus
1068 3772 1145 3844 vul·
1177 3792 1245 3839 nos
1272 3768 1309 3839 iu
1333 3769 1481 3841 saecula.

486 3882 527 3941 tu
561 3894 629 3941 suo
660 3897 668 3941 z
700 3871 799 3942 Deus
829 3869 869 3941 in
896 3869 1020 3942 modio
1047 3871 1139 3968 ejus,
1174 3873 1267 3945 Ana.
1296 3864 1411 3965 Aquae
1437 3867 1565 3940 multae
1594 3889 1686 3959 nont

485 3992 563 4040 nou
591 3966 903 4041 commovebitur.
1176 3978 1265 4036 runt
1289 3964 1509 4065 extinguere
1536 3958 1686 4039 chariton

483 4077 575 4147 nna
614 4066 727 4164 Aquae
758 4066 885 4139 multae
912 4067 928 4095 *
961 4092 1038 4139 non
1070 4092 1140 4165 po-
1174 4059 1380 4161 Adjuvobit
1402 4090 1486 4137 eam
1506 4062 1686 4138 Dcusmln

483 4165 639 4239 tuorunt
655 4165 874 4266 extinguere
899 4160 1136 4239 charitotcm.
1173 4184 1211 4267 nt
1244 4165 1343 4235 Deus
1376 4164 1415 4235 in
1450 4164 1575 4237 me'dio
1608 4164 1686 4259 ejus*

682 4272 848 4345 Psalmus
874 4274 936 4343 oi.
1172 4262 1483 4336 commovobitur.
1541 4276 1640 4344 Pater
1670 4281 1685 4329 n

578 4389 685 4437 nonus
714 4362 911 4456 Dominus,
944 4376 983 4438 et
1011 4358 1139 4445 laudo·
1167 4368 1378 4445 Absolutio,
1408 4360 1528 4459 ipsius
1558 4363 1687 4460 pietasi

578 4461 664 4536 bilis
695 4464 808 4535 nimis
842 4490 850 4535 :
879 4464 894 4492 *
917 4463 958 4534 in
987 4457 1138 4535 civitote
1170 4456 1235 4550 be,
1272 4458 1424 4532 domne.
1459 4471 1594 4544 Benna,
1624 4461 1687 4531 beu

480 4560 548 4633 Dei
581 4563 729 4654 nostri,
766 4562 806 4634 in
844 4575 974 4636 monte
1006 4575 1137 4636 sancto
1172 4570 1230 4630 ter
1264 4559 1517 4657 omnipotens.

479 4659 570 4756 ejus.
1235 4658 1367 4731 Sermo
1398 4660 1519 4732 sancti
1553 4648 1687 4730 Ambios'

477 4752 670 4834 Fundotur
701 4755 929 4831 exultatione
956 4758 1137 4833 universae
1404 4758 1589 4857 Episcopi.

480 4870 586 4929 tcrrae
605 4882 713 4929 mons
725 4858 834 4947 Sion,
854 4857 868 4887 *
889 4851 1009 4931 lotcra
1028 4856 1138 4957 Aqui·
1394 4868 1520 4939 Lectio
1554 4872 1597 4938 iv.

480 4955 595 5048 ionis,
621 4953 748 5028 civitas
776 4957 888 5055 Regis
913 4958 1056 5058 magni.
1210 4945 1688 5057 t.t.deVirg.cncaut1¹

477 5059 578 5131 neus
611 5055 650 5127 in
677 5054 849 5127 domibus
874 5055 952 5151 ejus
990 5081 1136 5156 cogno-
1256 5078 1417 5127 nomin
1443 5052 1556 5127 hodie
1591 5040 1688 5122 naulo

474 5154 629 5242 scotor,
658 5153 672 5183 *
704 5178 791 5226 cum
825 5154 1001 5253 suscipiet
1030 5181 1128 5229 eam.
1271 5151 1455 5252 Virginis,
1490 5149 1612 5226 invitat
1631 5160 1688 5244 out!

476 5252 660 5345 Quoniam
684 5278 770 5328 ecce
791 5277 896 5355 reges
914 5267 1022 5330 terna
1044 5280 1132 5329 con·
1265 5252 1453 5353 tegritotis
1473 5276 1585 5328 atuor.
1606 5234 1688 5319 ulii*
