4509 6209
370 4857 373 4864 .
486 4777 650 4851 sats-ssu·
668 4779 769 4852 enim
793 4802 861 4851 nos
883 4776 932 4853 de
959 4776 1155 4878 aiilipcnti-
1186 4790 1368 4850 murtota

475 690 522 763 56
870 683 969 752 Furio
992 681 1096 753 toi-tin
1118 678 1164 748 ud
1183 679 1425 749 Matutiutuu.

470 812 712 892 contiistitus
728 812 876 901 incido,
893 809 984 885 dum
1002 808 1138 911 affligit
1165 812 1275 887 Nunc
1311 825 1439 888 nutem
1479 809 1647 913 tepulisti
1673 823 1713 886 et
1739 831 1825 884 cou-

474 940 535 989 me
555 910 763 986 inimicus?
1168 911 1300 986 fudisti
1323 937 1391 986 nos
1413 912 1457 985 τ’
1486 926 1525 987 et
1553 936 1630 986 non
1660 907 1825 1012 egredi&-

472 1017 497 1082 u
511 1038 578 1088 u1n
596 1011 887 1113 confringuntur
911 1033 994 1082 ossa
1021 1031 1132 1098 mes,
1169 1012 1244 1103 cis,
1265 1015 1385 1103 Deus,
1404 1013 1444 1085 in
1460 1010 1659 1084 virtutibus
1675 1008 1823 1084 nosffis

477 1115 491 1140 '
520 1108 842 1209 exprobraverunt
859 1107 952 1182 mihi
979 1108 1044 1207 qui
1076 1104 1137 1180 tri·
1168 1109 1342 1185 tivertisti
1358 1135 1426 1185 nos
1443 1110 1648 1186 retrorsum
1661 1121 1747 1208 post
1759 1107 1825 1182 ini·

475 1211 609 1286 bulant
625 1233 686 1282 me
700 1207 841 1282 inimici
859 1207 934 1282 mei
955 1235 965 1279 ε
1171 1211 1287 1283 micos
1322 1223 1466 1284 nostros
1496 1237 1504 1281 :
1533 1211 1611 1281 'et
1641 1208 1707 1307 qui
1742 1205 1828 1282 ote

476 1314 579 1383 uum
601 1306 732 1380 dicunt
761 1306 855 1380 mihi
873 1332 940 1406 per
971 1304 1138 1405 singulos
1171 1324 1371 1400 mutuos,
1400 1306 1628 1407 diripiebant
1655 1304 1741 1380 sibi.

477 1409 557 1483 dies
578 1436 585 1479 :
603 1406 675 1482 Ubi
690 1408 857 1480 estDeus
872 1405 1005 1479 tunsi*
1022 1427 1139 1502 quare
1170 1408 1309 1482 ttedisu
1328 1433 1396 1481 nos
1414 1421 1491 1481 tam
1521 1432 1608 1480 uam
1627 1427 1718 1480 oves
1732 1403 1828 1479 eooi-

480 1508 593 1583 tristis
610 1530 649 1577 cs
666 1505 793 1577 sinima
825 1530 938 1596 mea,
963 1518 1002 1577 et
1019 1526 1136 1602 quare
1172 1532 1256 1580 rum
1280 1512 1323 1580 :'
1350 1521 1389 1581 et
1417 1507 1456 1581 in
1486 1433 1669 1581 (ie‘nubus
1693 1503 1832 1603 disper·

479 1602 680 1680 conturbas
701 1603 797 1677 me?
1172 1606 1249 1680 sisti
1264 1632 1344 1679 nos.

473 1711 594 1806 spera
626 1704 665 1775 in
686 1705 789 1792 Deo,
810 1702 987 1801 quoniam
1016 1698 1141 1774 adhuc
1172 1704 1384 1779 tendidisti
1416 1703 1597 1805 pipulum
1620 1716 1732 1777 tuum
1753 1700 1832 1774 sine

480 1801 689 1879 eonfittbor
705 1801 758 1876 itti
780 1829 788 1873 :
810 1804 825 1829 *
838 1800 1000 1874 salutati-e
1017 1800 1142 1873 vultus
1173 1805 1294 1919 pretio
1313 1832 1321 1877 :
1346 1807 1418 1878 *et
1433 1825 1510 1877 non
1526 1802 1602 1876 fuit
1630 1797 1833 1875 mutuutdo

481 1904 553 1980 mei
573 1961 582 1993 ,
612 1914 651 1974 et
667 1903 766 1975 Deus
784 1925 903 1974 meus.
1174 1928 1213 1978 1n
1227 1900 1584 1977 commutationibus
1595 1901 1743 1975 comm.

477 2004 568 2074 inu.
605 2000 727 2089 Sana,
756 2000 935 2089 Domine,
973 1997 1139 2071 inimum
1172 2003 1331 2076 Posuisti
1351 2027 1420 2076 nos
1444 2027 1466 2075 ο
1493 1999 1689 2099 probrium
1707 1996 1836 2072 vicin's

482 2125 607 2175 meum
630 2127 638 2171 ε
658 2100 747 2198 quia
764 2098 914 2197 pcccaivi
935 2097 1015 2171 tibi.
1176 2102 1341 2191 nostris,
1374 2102 1390 2132 *
1432 2026 1767 2174 suisssnnctitinem
1798 2109 1836 2172 et

478 2201 567 2273 Ain.
597 2199 802 2276 Eructivit.
1176 2198 1341 2274 derisum
1366 2200 1450 2291 his,
1488 2199 1551 2298 qui
1581 2198 1734 2296 suntffin
1767 2196 1834 2272 cin

675 2300 841 2372 Psulntus
870 2303 930 2371 ts.
1177 2300 1280 2374 cuitu
1293 2314 1435 2374 nostro.

562 2420 638 2483 uus,
657 2395 810 2469 iuribus
844 2394 979 2468 nostn‘s
1004 2392 1144 2467 audivi·
1171 2398 1339 2472 Posuisti
1380 2423 1448 2473 nos
1479 2398 1517 2471 in
1553 2393 1837 2470 similitudinem

480 2413 557 2582 D
582 2519 667 2567 mus
696 2522 704 2566 ε
735 2496 900 2592 *patres
935 2493 1054 2567 nostri
1084 2517 1146 2566 an-
1179 2495 1390 2571 Gsintibus:
1420 2496 1754 2571 *commotionem
1783 2492 1840 2568 ci·

487 2593 756 2668 nuntiaverunt
784 2591 904 2668 nobis.
1180 2597 1267 2697 pitis
1288 2597 1326 2669 in
1354 2597 1512 2695 pipulis.

479 2695 508 2763 t)
520 2718 613 2791 pus,
634 2691 735 2791 quod
763 2691 937 2790 openitus
956 2715 995 2763 es
1015 2691 1054 2761 in
1071 2687 1147 2763 die·
1172 2698 1203 2765 Τ
1214 2710 1278 2768 ota
1292 2693 1588 2770 dieveroctindia
1604 2717 1693 2767 mea
1706 2705 1837 2768 conus

486 2791 558 2866 bus
574 2792 705 2866 eorum
725 2848 735 2884 ,
755 2792 770 2821 *
797 2805 835 2865 ct
862 2792 901 2864 in
927 2788 1059 2864 diebus
1086 2813 1146 2862 nn·
1181 2819 1243 2867 me
1260 2809 1317 2869 est
1330 2852 1338 2886 ‚
1352 2798 1366 2826 *
1381 2809 1419 2869 et
1432 2794 1603 2868 confusio
1618 2791 1732 2866 focie'i
1748 2813 1837 2866 mm

490 2890 614 2989 tiquis.
1181 2894 1376 2993 cooperuit
1395 2919 1470 2967 me.

484 2993 622 3063 tianus
654 3003 720 3063 tua
741 3002 871 3090 gentes
899 2984 1145 3083 disponitis,
1176 2993 1202 3062 ,t
1230 3018 1321 3068 voce
1348 2990 1633 3092 exprobrintis,
1664 3003 1704 3064 et
1740 2987 1831 3063 obiu-

490 3100 529 3163 et
546 3088 726 3261 plantisti
751 3113 815 3163 eos
845 3086 1070 3159 :*asslixisti
1088 3083 1150 3184 pti·
1183 3092 1360 3188 quentis:
1389 3095 1447 3165 *a
1470 3092 1568 3166 iicie
1597 3088 1767 3178 inimici,
1796 3101 1827 3162 et

494 3212 544 3288 pu
561 3213 601 3260 os
618 3245 626 3279 ,
642 3200 681 3261 et
701 3186 872 3286 expulisti
891 3209 954 3258 eos
976 3213 984 3256 :
1183 3191 1451 3290 persequentis.

487 3291 572 3382 ¹Nec
586 3287 687 3360 enim
716 3287 757 3359 in
790 3283 916 3388 glidio
946 3306 1149 3456 suocp'osse·
1177 3294 1203 3361 Η
1213 3315 1267 3363 aec
1284 3291 1412 3365 omnia
1423 3289 1608 3364 vene'runt
1624 3310 1737 3386 super
1754 3307 1820 3370 uos,

493 3383 817 3475 desuntterram,
847 3387 920 3457 *et
947 3382 1016 3456 bri
1067 3382 1147 3454 ium
1185 3411 1255 3463 nec
1274 3388 1382 3464 obliti
1398 3412 1526 3463 sumus
1544 3383 1821 3482 tc:*etinique

496 3485 629 3558 eorum
654 3509 731 3558 non
764 3482 921 3557 salvivit
952 3506 1046 3555 eos:
1185 3510 1262 3561 non
1287 3489 1432 3589 egimus
1462 3489 1501 3561 in
1525 3485 1818 3561 tesumtntotu.

480 3589 563 3664 Sed
594 3589 750 3665 dextera
772 3604 859 3680 tua,
889 3602 928 3663 et
953 3586 1150 3661 brichium
1177 3592 1232 3660 Et
1265 3612 1342 3660 non
1369 3587 1521 3661 recessit
1548 3599 1651 3660 retro
1682 3607 1749 3659 cor
1776 3603 1822 3654 uc

490 3702 619 3779 tuum,
639 3705 678 3764 et
693 3689 919 3763 illuminitio
935 3686 1060 3760 vultus
1074 3688 1149 3759 tui:
1186 3697 1306 3761 strum
1328 3714 1337 3760 ε
1360 3688 1376 3717 *
1402 3700 1440 3760 et
1469 3683 1664 3760 declintstt
1690 3680 1822 3756 se'mits

490 3792 504 3817 '
522 3789 702 3886 quoniam
715 3787 972 3887 complacuisti
985 3786 1024 3858 in
1043 3787 1107 3859 eis.
1186 3798 1332 3859 nostras
1348 3810 1372 3859 a
1388 3787 1449 3859 viu
1478 3798 1568 3857 tuo:

488 3895 518 3963 's
528 3912 553 3959 u
585 3912 625 3960 es
654 3889 731 3986 ipse
756 3889 836 3962 Rex
858 3911 963 3959 meus
990 3898 1029 3958 et
1053 3886 1153 3957 Deus
1176 3885 1376 3980 Quoniam
1394 3882 1598 3958 humiliisti
1614 3905 1685 3956 ms
1701 3880 1739 3953 in
1758 3878 1824 3952 too

492 4011 627 4060 meus:
647 3986 744 4085 *qui
768 3985 928 4060 mandas
942 3984 1152 4058 satutesta-
1187 3981 1425 4075 afflictionis,
1446 3985 1460 4014 *
1485 3997 1525 4057 et
1546 3980 1742 4082 coope'mit
1772 3997 1826 4050 not

427 4135 429 4141 ,
490 4083 575 4159 cob.
1188 4080 1323 4156 umbra
1340 4083 1484 4158 mortis.

486 4196 537 4262 tn
552 4198 588 4258 te
604 4183 777 4257 inimicos
802 4195 949 4256 nostros
965 4180 1155 4254 ventila'bi·
1176 4181 1224 4255 si
1250 4180 1355 4256 obliti
1376 4205 1503 4256 sumus
1527 4202 1668 4252 nomen
1688 4175 1756 4250 uei
1776 4195 1828 4246 nu·

501 4308 586 4358 mus
609 4308 728 4356 comu
748 4284 840 4374 ;*et
856 4282 895 4354 in
916 4279 1069 4353 nomine
1088 4294 1153 4354 tuo
1185 4279 1250 4351 stri
1273 4337 1282 4371 ,
1302 4281 1317 4310 *
1335 4282 1415 4354 etsi
1441 4277 1689 4379 expindimus
1710 4293 1831 4348 manus

503 4383 722 4480 spernimus
733 4380 967 4481 insurgentes
977 4380 1015 4452 in
1029 4379 1150 4454 nobis.
1186 4392 1331 4452 nostius
1355 4378 1534 4454 addeum
1552 4377 1743 4452 silicinum:

490 4491 579 4558 :Non
602 4482 704 4556 enim
732 4482 772 4556 in
802 4505 892 4554 arcu
920 4504 1006 4553 meo
1034 4481 1155 4578 sponi-
1176 4489 1316 4558 Nonne
1331 4480 1431 4553 Deus
1441 4479 1606 4577 requiret
1622 4475 1833 4577 istni'ipte

501 4579 550 4651 ho
568 4607 576 4652 ε
596 4582 611 4611 *
629 4595 667 4655 ct
682 4580 828 4684 glidius
858 4603 965 4654 meus
994 4602 1069 4651 non
1088 4578 1155 4652 sal-
1186 4577 1286 4649 enim
1306 4580 1410 4651 novit
1425 4577 1646 4653 absotndtu
1662 4577 1797 4652 cordis.

493 4677 597 4753 vibit
617 4704 691 4753 me.
1177 4687 1206 4773 Q
1215 4676 1368 4751 uoniam
1383 4692 1548 4850 ‘propter
1577 4691 1615 4751 te
1643 4675 1838 4751 mortinei-

1413 4778 1447 4851 ie
1469 4779 1505 4849 t*
1527 4776 1699 4850 ustimiti
1715 4799 1843 4852 summ

498 4876 568 4951 bus
613 4900 682 4949 nos
712 4904 720 4948 ε
759 4876 774 4905 *
815 4891 855 4952 et
882 4877 1052 4951 odientes
1083 4900 1152 4949 nos
1185 4879 1281 4951 sicut
1296 4902 1382 4949 oses
1399 4876 1606 4953 occisionis.

494 4974 714 5051 confudisti.
1179 4975 1356 5073 Exurge,
1378 5000 1495 5074 quare
1521 4973 1738 5064 obdormis,
1771 4975 1842 5050 nt>

491 5087 538 5160 tn
559 5077 639 5149 Deo
660 5072 899 5148 laudibimur
931 5088 1010 5148 tota
1045 5074 1108 5148 die
1141 5103 1149 5147 :
1186 5073 1528 5175 minei'extirpe‚
1547 5088 1586 5148 et
1616 5100 1666 5152 ne
1687 5075 1844 5176 oepe'ttu

494 5175 507 5201 '
526 5175 620 5250 etin
637 5174 792 5248 mimine
807 5186 872 5247 tuo
889 5172 1154 5249 confitebimur
1186 5176 1224 5247 in
1242 5175 1370 5252 finem.

493 5274 532 5347 in
556 5273 745 5349 saeculum.
1178 5283 1310 5374 Quare
1333 5277 1472 5354 ficiem
1501 5290 1605 5354 tuam
1636 5277 1778 5356 mirtis
1800 5287 1844 5352 ι·
