4509 6209
536 709 637 776 infra
664 709 842 779 Octavam
865 709 1117 780 itedicationis
1136 707 1319 781 Ecclesiae.
1537 741 1608 792 cxv

496 874 526 924 a
558 850 817 943 cantavimus,
851 850 916 924 ali·
951 848 1248 953 incorruptione.
1294 855 1344 930 Ut
1385 868 1512 930 cantet
1541 856 1609 931 tibi

497 948 657 1023 uicimus.
717 950 914 1045 Qudmodo
978 952 1071 1026 ldria
1088 978 1192 1044 mea,
1213 968 1252 1027 et
1267 978 1345 1027 non
1361 956 1523 1054 compr‘m
1575 983 1606 1028 r.

496 1076 538 1122 us
561 1076 568 1120 :
600 1051 824 1123 Conscidisti
842 1074 916 1124 sao·
951 974 1050 1145 buin
1065 1065 1137 1143 est,
1159 1077 1235 1125 non
1254 980 1608 1154 compungamiaam

496 1179 520 1239 ι,
559 1159 596 1221 ct
626 1151 817 1222 accinxisti
851 1174 913 1222 me
949 1165 1084 1224 contra
1109 1175 1172 1224 me
1202 1175 1280 1225 non
1309 1153 1409 1225 ferat
1438 1152 1609 1227 idnceam

497 1271 561 1319 cus
579 1247 657 1344 ejus
680 1263 761 1323 erat
784 1249 911 1321 simili·
948 1250 1182 1345 persecutor,
1201 1263 1337 1324 utnon
1360 1252 1607 1352 compungar.

505 1343 661 1443 peccati.
945 1347 1117 1422 Christus
1150 1349 1251 1422 enirn
1277 1373 1434 1449 surgens
1460 1375 1482 1422 a
1504 1353 1611 1423 mor-

496 1470 533 1517 is.
556 1447 655 1545 cxiij.
944 1448 1051 1538 tuis,
1093 1448 1175 1544 jam
1218 1472 1295 1519 non
1339 1448 1525 1538 mdritur,
1572 1465 1610 1524 et

496 1542 660 1611 tectior.
944 1570 1046 1619 mors
1061 1546 1114 1619 illi
1129 1546 1227 1619 ultra
1244 1571 1321 1619 non
1335 1547 1606 1622 dominabitur.

507 1638 679 1733 viie'scat,
705 1642 807 1742 quod
827 1643 904 1734 ait,
943 1655 980 1739 d.
998 1645 1111 1718 Mane
1128 1670 1296 1753 surgens.
1316 1647 1415 1742 cxiij.

496 1769 518 1813 n
553 1765 679 1814 meum
711 1770 720 1814 τ
748 1742 800 1815 ibi
827 1757 909 1816 erat
1067 1742 1107 1810 ln
1127 1752 1238 1812 tertio
1264 1739 1468 1811 Nocturno.

496 1842 626 1913 retium
657 1854 777 1914 tuum.
812 1843 906 1914 Con·
1033 1841 1164 1915 Le'ctio
1186 1843 1306 1916 sancti
1321 1842 1516 1944 Evangelii

496 1966 568 2012 :um
603 1965 745 2013 meum.
782 1941 906 2013 Evrisi·
1076 1938 1288 2014 secundum
1315 1943 1472 2015 Lucam.
1504 1983 1506 1987 ·

496 2064 579 2112 cum
606 2040 732 2111 istum.
759 2040 907 2113 Consci·
1048 2038 1175 2108 Lectio
1216 2038 1276 2132 vij.
1313 2046 1403 2141 Cap.
1443 2045 1504 2114 ⁴9.

515 2162 655 2210 meum.
677 2141 718 2210 ln
735 2139 907 2237 passione
944 2150 1006 2313 ln
1025 2136 1088 2211 itlo
1108 2137 1277 2237 tc'mpore
1299 2167 1308 2211 :
1328 2141 1369 2211 ln
1398 2139 1518 2213 cessus
1538 2142 1607 2214 Je-

496 2250 553 2308 est.
586 2236 781 2330 Quomodo
816 2261 905 2337 ergo
970 2260 1054 2314 ‚sus
1071 2166 1541 2334 perambuldbatbe'ricbo.
1558 2242 1607 2312 Et

496 2335 653 2407 dicitur:
686 2336 906 2409 conscidisti
944 2357 1032 2407 ecce
1064 2338 1121 2408 vir
1148 2338 1302 2409 nomine
1333 2337 1539 2411 Zacbaeus:
1568 2354 1607 2412 et

496 2437 570 2506 rm?
589 2434 786 2528 Quomodo
805 2437 906 2508 Pntri
943 2431 1006 2506 bic.
1019 2434 1193 2533 princeps
1207 2450 1289 2508 erat
1302 2435 1604 2533 publicanorum,

504 2533 633 2606 audire
657 2562 665 2605 :
686 2534 905 2607 Conscidisti
945 2545 983 2604 et
1000 2533 1078 2629 ipse
1095 2531 1211 2606 dives.
1232 2536 1282 2606 Et
1296 2532 1453 2632 reliqua.

498 2634 592 2704 um?
627 2633 722 2726 Quia
756 2633 905 2731 proprio
994 2627 1401 2706 ilomiliateneraibilis
1423 2634 1551 2724 Bedae,

496 2729 629 2830 percit,
651 2732 716 2804 sed
739 2757 808 2830 pro
835 2758 908 2805 no-
1162 2732 1385 2831 Presbyteri.

496 2876 498 2895 .
524 2829 679 2903 tradidit
697 2831 815 2903 illum.
836 2833 907 2904 Fe·
1015 2839 1059 2907 L.
1088 2836 1123 2903 5.
1144 2855 1177 2902 c.
1204 2836 1252 2904 77
1270 2838 1308 2901 in
1334 2836 1445 2903 Lucoe
1466 2835 1525 2906 49.
1604 2870 1606 2875 ·

496 2924 903 3020 rJudaeosnescientes,
1024 2957 1074 3006 un
1109 2929 1356 3027 impossibilia
1382 2944 1472 3003 sunt
1505 2931 1604 3030 apud

496 3029 848 3119 terenturscientes‚
871 3041 908 3102 et
1056 3029 1257 3119 homines,
1291 3028 1480 3126 possibilia
1518 3045 1607 3104 sunt

496 3141 573 3198 rtur
614 3125 808 3226 negantes.
842 3129 909 3202 Ne·
1059 3127 1160 3226 apud
1203 3130 1337 3202 Deum.
1375 3129 1473 3202 Ecce
1503 3130 1606 3201 enim

500 3224 590 3323 quid
605 3225 693 3298 boni
708 3227 816 3299 nobis
827 3252 909 3326 ope
942 3219 1123 3315 camdus,
1141 3225 1309 3324 deposita
1322 3223 1427 3326 gibbi
1442 3227 1602 3318 sarcina,

496 3326 566 3397 ndo
593 3350 672 3397 suo.
702 3323 908 3424 Suspe'nsus
943 3346 1012 3421 per
1039 3326 1215 3397 fordnren
1241 3348 1329 3397 acus
1357 3327 1510 3414 transit,
1532 3325 1605 3399 boc

506 3439 544 3496 et
567 3425 673 3521 qnasi
691 3423 835 3497 laetaitus
852 3439 909 3497 est
942 3435 1010 3511 est,
1031 3423 1137 3496 dives
1155 3436 1193 3496 et
1210 3417 1453 3521 publicamus,
1472 3423 1607 3499 relicto

496 3524 625 3595 nscidit
653 3547 803 3595 saccum
821 3521 909 3617 idn-¹
942 3521 1055 3596 onere
1109 3522 1351 3611 divitiirum,
1384 3520 1604 3621 contempto

496 3637 560 3712 tor,
578 3636 615 3695 et
631 3622 732 3694 fudit
745 3623 905 3721 pre'tium
942 3644 1055 3694 censu
1078 3620 1275 3710 fraudum,
1292 3622 1490 3721 angustam
1510 3647 1604 3720 por-

496 3722 680 3818 ddmptor.
942 3732 1020 3791 tarn
1039 3777 1048 3809 ‚
1069 3722 1290 3817 arctamque
1307 3721 1432 3809 viam,
1454 3745 1536 3819 quae
1552 3722 1602 3794 ad

517 3821 614 3918 cxiij.
940 3820 1055 3891 vitam
1074 3819 1191 3906 ducit,
1205 3818 1385 3892 ascendit.
1415 3819 1486 3912 Qui
1504 3821 1602 3892 mira

496 3919 610 3989 'arctio
630 3920 677 4013 vj.
941 3916 1138 3991 devotione
1179 3918 1272 3991 ndei
1310 3916 1358 3990 ad
1393 3918 1600 3991 ride'ndum

500 4019 622 4091 aristus
649 4011 902 4116 Rede'mptor,
940 4015 1183 4107 salvatorem,
1203 4015 1304 4114 quod
1318 4015 1454 4090 natura
1471 4017 1598 4090 minus
1635 4054 1644 4065 ·

496 4117 595 4190 'udas
610 4118 802 4206 venditor,
824 4143 905 4190 eru·
940 4113 1136 4203 babuerat,
1160 4117 1316 4188 ascensu
1330 4117 1478 4215 supplet
1492 4115 1602 4188 sirbo-

496 4243 538 4288 us
552 4231 711 4313 emptor.
731 4218 828 4290 Ecce
841 4218 904 4288 Ju·
940 4216 1019 4287 ris:
1045 4229 1158 4313 atque
1188 4215 1272 4287 ideo
1296 4216 1397 4313 juste
1427 4216 1599 4314 quamvis

499 4375 506 4402 ,
526 4319 545 4386 J
551 4316 676 4388 uclaeus
694 4317 797 4404 emit,
818 4340 905 4387 ma·
937 4314 1015 4412 ipse
1033 4309 1166 4414 rogare
1183 4338 1258 4386 non
1277 4313 1426 4402 dudunt,
1451 4313 1601 4391 benedi-

496 4442 550 4486 rm
580 4409 761 4515 ege'runt,
789 4414 902 4488 ambo
937 4413 1100 4486 ctidnem
1117 4414 1322 4486 Dominicae
1339 4413 1594 4510 susceptionis,

496 4530 551 4603 nt,
572 4539 709 4612 seipsos
731 4513 901 4611 perdide·
936 4537 1049 4610 quam
1069 4510 1319 4599 desiderabat,
1341 4513 1497 4610 accepit.

496 4641 527 4686 rr
548 4626 587 4686 et
613 4628 772 4711 emptor.
793 4614 902 4686 Dicat
935 4624 971 4708 nt.
993 4613 1135 4685 Domus
1152 4634 1248 4683 mea.
1270 4610 1364 4682 cxiv.

499 4727 690 4801 nostrum,
711 4713 812 4784 dicat
831 4736 901 4810 pro
1152 4707 1280 4777 Lectio
1297 4706 1371 4803 viij·
1617 4808 1619 4810 v

500 4839 559 4901 so,
581 4837 647 4909 pro
666 4812 820 4909 corpore
838 4813 900 4884 de·
1033 4833 1151 4883 rsucu
1168 4821 1295 4882 autem
1313 4806 1509 4896 Zachaeus,
1530 4809 1595 4907 qui

498 4925 531 4999 t,
550 4906 784 4983 audiamus:
812 4912 903 4983 Con·
932 4820 1030 4996 Μ
1057 4909 1327 5007 interpretritur
1345 4907 1591 5005 justificaitus‚

496 5036 551 5082 um
573 5034 713 5098 meum,
734 5024 771 5082 et
784 5011 903 5082 accin-
935 5006 1150 5081 credentem
1166 5032 1211 5080 ex
1225 5005 1400 5108 gentibus
1414 5004 1595 5104 pdpulum

496 5111 556 5182 itia
577 5137 585 5181 :
606 5109 732 5197 idest,
753 5109 902 5182 consci-
935 5106 1133 5206 significat.
1156 5107 1227 5200 Qui
1245 5119 1388 5204 quanto
1406 5105 1506 5177 curis
1523 5129 1594 5176 sae-

496 5210 637 5281 litatem
676 5233 825 5295 meam,
865 5221 903 5280 et
935 5204 1123 5280 culdribus
1148 5205 1379 5303 occupdtior‚
1407 5216 1514 5276 tanto
1530 5201 1595 5275 ssa·

496 5333 529 5383 re
559 5302 839 5381 immortalitate
866 5320 904 5380 et
936 5304 1035 5405 gitiis
1052 5303 1351 5404 deprimentibus
1368 5315 1451 5376 erat
1472 5302 1595 5375 factus
