4509 6209
466 644 537 715 iii)
747 650 849 721 Feria
868 650 916 721 iv.
939 651 1034 724 infra
1056 651 1137 723 Oet.
1160 651 1330 748 Corporis
1349 649 1497 721 Christi.

466 777 515 852 de
540 801 658 852 manu
683 780 922 856 Philisthiim.
951 777 1119 857 Abstulo·
1153 778 1304 857 cesserit
1341 773 1574 857 consecrotio
1594 836 1603 873 ,
1620 779 1687 862 ,de
1707 805 1786 880 pane

465 889 556 950 runt
572 902 614 950 er
641 878 751 953 ofilii
781 880 894 954 lsrael
920 881 1064 955 Boalim
1082 895 1121 954 et
1152 877 1197 952 fit
1212 904 1300 953 caro
1319 878 1469 955 Christi.
1497 881 1580 955 hoc
1602 877 1719 981 igitur
1731 880 1788 954 ad-

464 903 681 1067 Astaroth,
714 993 753 1054 et
789 979 999 1054 servierunt
1040 980 1120 1054 Do-
1152 979 1352 1052 struamus.
1396 977 1596 1073 Quomodo
1639 992 1787 1078 potest,

464 1076 571 1149 mino
590 1076 671 1149 soli.
1152 1077 1216 1174 qui
1265 1077 1371 1175 panis
1417 1091 1502 1169 est,
1548 1102 1689 1177 corpus
1726 1102 1791 1154 esse

456 1192 493 1276 rt.
515 1174 726 1251 Comede'tis
745 1200 888 1250 carnes.
923 1181 1014 1251 160.
1152 1174 1315 1250 Christi?
1334 1175 1637 1251 Consecrutione.
1674 1177 1791 1253 Conse·

685 1280 808 1350 Lectio
836 1280 887 1375 iij.
1151 1275 1269 1347 oratio
1293 1274 1408 1375 igitur
1424 1275 1563 1376 quibus
1585 1274 1711 1351 verbis
1726 1291 1789 1367 est,

539 1399 611 1448 nur
633 1387 765 1445 autem
798 1371 952 1447 Saimuel
986 1375 1117 1448 :Con
1151 1386 1190 1447 et
1218 1373 1323 1472 cujus
1352 1373 1625 1449 sermonibus?
1656 1376 1791 1450 Domini

461 1392 538 1558 D
579 1466 733 1573 gregaite
759 1473 976 1547 univorsum
1005 1474 1117 1549 lsrael
1149 1473 1251 1546 Jesu.
1267 1474 1365 1546 Nam
1383 1473 1452 1549 re'li
1482 1498 1532 1549 ua
1548 1472 1681 1548 omniu
1696 1530 1705 1565 ,
1723 1499 1789 1591 que

463 1571 504 1643 in
520 1570 720 1671 Masphath
741 1628 749 1661 ‚
769 1585 812 1644 ut
835 1597 941 1646 orem
959 1597 1028 1671 pro
1055 1596 1116 1647 vo·
1150 1569 1354 1659 dicuntur,
1387 1499 1541 1649 laudem
1579 1573 1663 1648 Deo
1704 1571 1787 1650 defe-

462 1668 520 1743 bis
548 1671 769 1744 Dominum.
789 1671 838 1744 Et
861 1663 1119 1749 convene'runt
1151 1683 1242 1744 runt
1274 1698 1282 1742 ε
1320 1671 1440 1746 orotio
1471 1671 1717 1786 praemittitur
1733 1698 1785 1772 pro

464 1769 505 1842 in
546 1769 747 1869 Masphath
789 1798 797 1841 :
835 1769 1117 1868 hauserdntque
1151 1767 1314 1866 populo,
1347 1796 1414 1869 pro
1439 1770 1622 1871 regibus,
1651 1796 1717 1870 pro
1741 1772 1783 1847 co

461 1892 627 1966 aquam,
653 1883 692 1942 et
721 1866 936 1942 effuderunt
969 1870 1008 1941 in
1029 1892 1115 1941 con·
1152 1869 1239 1941 teris
1268 1896 1277 1941 ε
1311 1867 1375 1942 ubi
1404 1871 1586 1960 venitur,
1616 1884 1661 1947 ut
1683 1869 1781 1945 conii·

465 1969 596 2066 spe'ctu
630 1968 814 2059 Domini,
851 1982 890 2042 et
918 1965 1118 2066 je'unavo-
1149 1967 1271 2039 cicitur
1319 1965 1536 2043 venerobile
1579 1969 1779 2043 Sacrame'u-

463 2081 554 2140 runt
569 2067 611 2139 in
635 2065 697 2140 die
714 2067 790 2158 illa,
812 2080 923 2165 atque
970 2066 1118 2142 ’xerunt
1150 2067 1346 2236 tumst’am
1368 2092 1445 2141 non
1471 2071 1548 2141 suis
1566 2067 1775 2143 sermonibus

458 2164 512 2239 ibi
535 2165 802 2239 :Peccavimus
814 2166 990 2239 Domino.
1006 2165 1117 2239 Judi-
1149 2165 1254 2238 sace'r
1282 2192 1348 2252 os,
1377 2166 1441 2240 sed
1469 2167 1591 2241 sititur
1615 2167 1772 2243 sermoni·

462 2264 635 2363 cavitque
653 2260 803 2338 Stimuel
820 2263 919 2338 filios
934 2264 1048 2339 lsrael
1075 2265 1115 2338 in
1149 2262 1219 2337 bus
1244 2263 1395 2339 Christi.

460 2363 675 2462 Masphath.
694 2365 744 2437 Et
764 2362 966 2438 audidrunt
996 2362 1116 2436 Phili·
1144 2385 1181 2466 iq.
1203 2364 1460 2439 Coenontibus.
1492 2369 1578 2441 161.

460 2463 590 2536 sthiim
616 2462 717 2561 quod
740 2463 957 2563 congregoti
992 2475 1116 2536 essent
1384 2473 1507 2544 Lectio
1524 2497 1557 2542 v.

462 2561 535 2634 filii
551 2562 666 2635 Israel
691 2561 731 2633 iu
750 2561 976 2660 Masphath,
1006 2575 1043 2635 et
1060 2587 1114 2635 as·
1214 2585 1285 2634 neo
1301 2585 1426 2635 sermo
1447 2561 1586 2636 Christi
1605 2561 1678 2635 hoe
1689 2558 1767 2636 ciui·

467 2659 679 2735 cende'ruut
696 2661 851 2759 sotrapoe
869 2659 1116 2735 Philisthino-
1146 2583 1211 2747 Ε
1232 2661 1284 2733 eit
1300 2661 1607 2735 Sacramontum.
1625 2662 1766 2756 Quissu

460 2784 547 2832 rum
579 2758 629 2832 ad
655 2760 780 2832 lsrael.
803 2760 912 2854 Quod
938 2785 1025 2833 cum
1052 2784 1114 2832 au·
1149 2781 1211 2830 mo
1256 2759 1429 2833 Christi?
1459 2761 1607 2859 Nempe
1632 2763 1690 2847 is,
1720 2783 1765 2859 quo

465 2857 608 2931 dissent
633 2856 701 2930 hlii
736 2859 878 2949 israel,
906 2859 1116 2933 timuerunt
1147 2857 1251 2930 facta
1267 2872 1356 2932 sunt
1372 2859 1514 2933 omnia.
1532 2860 1651 2934 iussit
1673 2857 1765 2932 Doni

458 2954 1117 3033 afoeiePhilisthinorum.Dixerrint·
1149 2978 1245 3045 nus,
1284 2971 1323 3030 et
1350 2957 1497 3030 factum
1529 2971 1588 3032 est
1618 2957 1763 3032 coeiun:

462 3081 535 3154 que
564 3057 612 3130 ad
635 3057 850 3131 Samuelem
875 3086 883 3129 :
912 3059 967 3131 Ne
997 3081 1115 3130 cesses
1143 3054 1255 3150 jussit
1284 3054 1500 3148 Dominus,
1533 3070 1573 3131 et
1610 3058 1708 3133 facta
1731 3068 1764 3128 est

462 3181 531 3252 pro
562 3154 671 3229 nobis
702 3152 867 3229 clamore
902 3155 951 3228 ad
981 3156 1113 3228 Domi·
1149 3166 1248 3226 terra
1277 3182 1285 3226 ε
1309 3156 1421 3253 jussit
1448 3154 1633 3231 Dominus
1653 3215 1661 3248 ,
1681 3169 1713 3229 et
1729 3154 1765 3226 h·

461 3279 553 3327 num
586 3257 706 3328 Deum
736 3269 926 3344 nostrum,
965 3269 1008 3327 ut
1039 3255 1115 3327 sal·
1148 3267 1208 3325 eta
1238 3268 1325 3328 sunt
1348 3255 1468 3328 moria
1492 3283 1500 3326 :
1528 3255 1642 3353 jussit
1671 3253 1765 3327 Doni

463 3368 525 3426 ret
550 3378 618 3426 nos
654 3352 702 3425 de
727 3378 843 3427 maim
869 3353 1115 3429 Philisthino-
1147 3375 1248 3442 nus,
1277 3366 1316 3430 et
1338 3355 1461 3427 omnis
1490 3356 1666 3428 creatora
1689 3375 1765 3454 gene

463 3477 562 3524 rum.
1148 3447 1229 3523 rota
1246 3466 1314 3524 est.
1340 3450 1454 3527 Vides
1471 3478 1562 3552 ergo
1581 3478 1694 3552 quam
1710 3474 1765 3549 ope

454 3544 686 3649 raRespesxit
707 3551 818 3623 Elias.
845 3553 926 3624 iot).
1147 3550 1308 3624 ratorius
1344 3552 1392 3623 sit
1418 3577 1543 3626 sermo
1578 3551 1720 3626 Christi.
1742 3548 1766 3620 Si
1812 3638 1813 3643 Ἰ

555 3659 593 3726 ht
613 3657 777 3727 serundo
797 3657 1002 3727 Nocturuo.
1146 3673 1236 3747 ergo
1262 3662 1368 3724 tanta
1397 3651 1452 3724 vis
1476 3665 1534 3726 est
1562 3648 1766 3727 inseruire

480 3748 537 3821 Ex
571 3746 668 3820 libro
704 3749 823 3822 sancti
867 3745 1084 3838 Ambrosii,
1145 3748 1296 3821 Domini
1333 3751 1453 3841 Jesu,
1503 3763 1546 3824 ut
1589 3751 1767 3849 inciperent

496 3844 699 3944 Episcopi,
725 3846 772 3919 de
794 3845 1058 3919 Sacramentis.
1145 3870 1224 3924 esse
1258 3873 1339 3945 quae
1366 3872 1444 3921 non
1479 3863 1615 3941 erant,
1659 3858 1768 3948 quanto

683 3954 807 4025 Lectio
834 3957 881 4024 iv.
1144 3946 1264 4046 magis
1281 3945 1517 4044 operatorius
1534 3962 1621 4038 est,
1646 3962 1689 4023 ut
1712 3966 1768 4044 que

639 4043 719 4114 Lib.
738 4046 774 4116 1.
796 4069 878 4142 cap.
899 4046 936 4116 lr.
1144 4058 1252 4121 erant
1278 4046 1317 4117 in
1343 4045 1446 4118 oliud
1479 4040 1769 4123 commute'nuri

454 4153 643 4325 Aucron
665 4142 996 4219 sacramentorum
1027 4142 1110 4238 quis
1144 4143 1287 4219 Coelum
1322 4168 1400 4217 non
1431 4160 1544 4237 erat,
1583 4170 1690 4225 mare
1716 4162 1770 4217 nor

562 4256 635 4332 est,
665 4241 735 4313 nisi
757 4240 941 4317 Dominus
965 4242 1108 4313 Jesus?
1143 4257 1224 4315 erat
1245 4300 1253 4332 ,
1275 4257 1376 4322 terra
1393 4267 1472 4316 non
1486 4318 1488 4322 ,
1502 4258 1599 4318 erat.
1620 4245 1692 4320 Sed
1706 4238 1769 4316 audi

452 4340 507 4411 De
526 4340 619 4415 coelo
644 4341 716 4412 ista
732 4339 977 4412 Sacramenta
993 4337 1110 4411 veno-
1142 4340 1331 4414 dicontem
1362 4370 1371 4415 ε
1392 4345 1472 4440 lpse
1495 4343 1622 4436 dixit,
1643 4358 1682 4419 et
1695 4343 1771 4417 tacu

453 4452 555 4512 runt.
573 4439 778 4512 Consilium
800 4439 902 4510 enim
929 4461 1041 4511 omne
1061 4436 1108 4512 de
1142 4454 1230 4514 sunt
1250 4469 1258 4513 :
1279 4441 1358 4539 ipse
1378 4441 1578 4517 mandovit
1590 4500 1600 4535 ,
1622 4457 1663 4520 et
1674 4432 1772 4518 caetu

452 4536 545 4609 coelo
562 4552 631 4611 est.
651 4538 747 4610 Vere
774 4551 901 4610 autem
925 4559 988 4607 ma
1016 4560 1106 4611 num
1141 4553 1241 4614 sunt.
1263 4540 1362 4639 Ergo
1381 4539 1448 4614 tibi
1467 4554 1511 4616 ut
1527 4540 1770 4642 respondeam,

454 4648 534 4723 est,
576 4649 615 4708 et
644 4633 813 4708 divinum
850 4560 1101 4726 mirocdium,
1141 4661 1215 4712 non
1249 4652 1330 4711 erat
1372 4664 1510 4737 corpus
1545 4641 1771 4717 Christiane

480 4731 553 4804 uod
605 4732 715 4832 opulo
738 4733 835 4832 pluit
853 4736 952 4806 Deus
965 4758 1106 4806 manna
1140 4737 1465 4816 consecrationem
1498 4741 1595 4818 :sed
1613 4753 1697 4840 post
1711 4758 1771 4811 con

452 4756 500 4902 de
527 4758 646 4922 coeio,
667 4844 706 4905 et
723 4856 800 4905 non
825 4829 1023 4907 laborobat
1041 4834 1105 4930 po·
1139 4835 1386 4911 secretionem
1404 4836 1492 4912 dico
1511 4838 1580 4915 tibi
1595 4838 1693 4940 quod
1709 4836 1769 4934 jur

452 4926 574 5024 pulus,
595 4943 633 5003 et
649 4925 917 5003 manduca'bat.
935 4931 991 5002 Tu
1005 4932 1105 5005 forte
1138 4957 1273 5033 corpus
1299 4949 1355 5007 est
1389 4935 1542 5010 Christi.
1566 4940 1649 5038 lpse
1671 4934 1767 5021 dixit,

453 5023 546 5098 dicis
577 5054 585 5097 ε
604 5028 714 5115 Meus·
725 5031 833 5125 panis
856 5041 913 5102 est
930 5029 1101 5102 usitatus.
1137 5045 1175 5105 et
1199 5036 1347 5107 factum
1367 5049 1450 5107 est:
1470 5037 1552 5134 ipse
1574 5032 1765 5117 maudiut,

452 5122 525 5198 Sed
544 5125 650 5220 punis
683 5126 777 5217 iste,
808 5127 916 5225 panis
939 5141 996 5201 est
1016 5141 1103 5201 ante
1137 5144 1175 5204 et
1191 5134 1359 5205 creotum
1379 5148 1447 5206 est.

452 5218 568 5297 verba
584 5233 932 5299 sacramentorum:
960 5225 1025 5300 ubi
1044 5251 1099 5301 ac·
1133 5253 1156 5334 tp
1191 5230 1345 5330 Acce'pit
1370 5234 1492 5307 Jesus.
1516 5237 1602 5309 161.
