<?xml version="1.0" encoding="UTF-8"?>
<!DOCTYPE html PUBLIC "-//W3C//DTD XHTML 1.0 Transitional//EN"
    "http://www.w3.org/TR/xhtml1/DTD/xhtml1-transitional.dtd">
<html xmlns="http://www.w3.org/1999/xhtml" xml:lang="en" lang="en">
 <head>
  <title>
</title>
<meta http-equiv="Content-Type" content="text/html;charset=utf-8" />
  <meta name='ocr-system' content='tesseract 3.04.00' />
  <meta name='ocr-capabilities' content='ocr_page ocr_carea ocr_par ocr_line ocrx_word'/>
</head>
<body>
  <div class='ocr_page' id='page_1' title='image "./breviariumroman02brevgoog/breviariumroman02brevgoog_0655.png"; bbox 0 0 4509 6209; ppageno 0'>
   <div class='ocr_carea' id='block_1_1' title="bbox 470 661 1466 774">
    <p class='ocr_par' dir='ltr' id='par_1_1' title="bbox 470 661 1466 774">
     <span class='ocr_line' id='line_1_1' title="bbox 470 661 1466 774; baseline 0.01 -44"><span class='ocrx_word' id='word_1_1' title='bbox 470 678 554 774; x_wconf 44' lang='grc' dir='ltr'>μὴ·</span> <span class='ocrx_word' id='word_1_2' title='bbox 812 668 850 736; x_wconf 95' lang='lat' dir='ltr'>ln</span> <span class='ocrx_word' id='word_1_3' title='bbox 873 661 1110 766; x_wconf 80' lang='lat' dir='ltr'>llcdicutiouc</span> <span class='ocrx_word' id='word_1_4' title='bbox 1136 664 1322 740; x_wconf 63' lang='lat' dir='ltr'>Ecclesiae</span> <span class='ocrx_word' id='word_1_5' title='bbox 1346 669 1466 742; x_wconf 84' lang='lat' dir='ltr'>Laud.</span> 
     </span>
    </p>
   </div>
   <div class='ocr_carea' id='block_1_2' title="bbox 469 804 1740 2795">
    <p class='ocr_par' dir='ltr' id='par_1_2' title="bbox 469 804 1740 2795">
     <span class='ocr_line' id='line_1_2' title="bbox 469 804 1572 907; baseline -0.011 -15"><span class='ocrx_word' id='word_1_6' title='bbox 469 819 525 892; x_wconf 89' lang='lat' dir='ltr'>tui</span> <span class='ocrx_word' id='word_1_7' title='bbox 560 841 569 886; x_wconf 73' lang='grc' dir='ltr'>ε</span> <span class='ocrx_word' id='word_1_8' title='bbox 606 809 625 849; x_wconf 84' lang='lat'><em>*</em></span> <span class='ocrx_word' id='word_1_9' title='bbox 676 812 726 884; x_wconf 88' lang='lat' dir='ltr'>Et</span> <span class='ocrx_word' id='word_1_10' title='bbox 764 823 885 884; x_wconf 86' lang='lat' dir='ltr'>turres</span> <span class='ocrx_word' id='word_1_11' title='bbox 921 804 1130 884; x_wconf 71' lang='lat' dir='ltr'>Jerusalem</span> <span class='ocrx_word' id='word_1_12' title='bbox 1391 810 1572 907; x_wconf 66' lang='lat' dir='ltr'>llpmnus.</span> 
     </span>
     <span class='ocr_line' id='line_1_3' title="bbox 470 898 1695 1018; baseline 0.001 -31"><span class='ocrx_word' id='word_1_13' title='bbox 470 914 630 1018; x_wconf 75' lang='lat' dir='ltr'>gemmis</span> <span class='ocrx_word' id='word_1_14' title='bbox 650 908 951 984; x_wconf 77' lang='lat' dir='ltr'>aedificabr&#39;mtur.</span> <span class='ocrx_word' id='word_1_15' title='bbox 976 898 1012 973; x_wconf 75' lang='lat' dir='ltr'>l·</span> <span class='ocrx_word' id='word_1_16' title='bbox 1046 910 1132 982; x_wconf 88' lang='lat' dir='ltr'>Por·</span> <span class='ocrx_word' id='word_1_17' title='bbox 1185 987 1190 1006; x_wconf 53' lang='lat'>,</span> <span class='ocrx_word' id='word_1_18' title='bbox 1241 936 1309 987; x_wconf 79' lang='lat' dir='ltr'>tm</span> <span class='ocrx_word' id='word_1_19' title='bbox 1337 934 1385 985; x_wconf 75' lang='lat' dir='ltr'>ex</span> <span class='ocrx_word' id='word_1_20' title='bbox 1408 909 1558 1011; x_wconf 72' lang='lat' dir='ltr'>Olympi</span> <span class='ocrx_word' id='word_1_21' title='bbox 1581 911 1695 988; x_wconf 78' lang='lat' dir='ltr'>vertice</span> 
     </span>
     <span class='ocr_line' id='line_1_4' title="bbox 472 1006 1716 1107; baseline -0.002 -18"><span class='ocrx_word' id='word_1_22' title='bbox 472 1030 519 1089; x_wconf 75' lang='lat' dir='ltr'>tae</span> <span class='ocrx_word' id='word_1_23' title='bbox 552 1010 761 1085; x_wconf 76' lang='lat' dir='ltr'>lenisalem</span> <span class='ocrx_word' id='word_1_24' title='bbox 799 1033 845 1081; x_wconf 84' lang='lat' dir='ltr'>ex</span> <span class='ocrx_word' id='word_1_25' title='bbox 880 1006 1059 1107; x_wconf 86' lang='lat' dir='ltr'>sapphiro</span> <span class='ocrx_word' id='word_1_26' title='bbox 1091 1020 1132 1081; x_wconf 80' lang='lat' dir='ltr'>et</span> <span class='ocrx_word' id='word_1_27' title='bbox 1161 1039 1186 1086; x_wconf 81' lang='grc'>.’</span> <span class='ocrx_word' id='word_1_28' title='bbox 1255 1010 1403 1084; x_wconf 89' lang='lat' dir='ltr'>Summi</span> <span class='ocrx_word' id='word_1_29' title='bbox 1429 1012 1595 1087; x_wconf 87' lang='lat' dir='ltr'>Parentis</span> <span class='ocrx_word' id='word_1_30' title='bbox 1616 1013 1716 1101; x_wconf 82' lang='lat' dir='ltr'>lilius,</span> 
     </span>
     <span class='ocr_line' id='line_1_5' title="bbox 473 1105 1697 1211; baseline 0.006 -32"><span class='ocrx_word' id='word_1_31' title='bbox 473 1108 675 1210; x_wconf 70' lang='lat' dir='ltr'>smaiegdo</span> <span class='ocrx_word' id='word_1_32' title='bbox 696 1105 1003 1196; x_wconf 75' lang='lat' dir='ltr'>aedilicabiintur,</span> <span class='ocrx_word' id='word_1_33' title='bbox 1031 1121 1131 1180; x_wconf 86' lang='lat' dir='ltr'>etex</span> <span class='ocrx_word' id='word_1_34' title='bbox 1167 1109 1244 1183; x_wconf 88' lang='lat' dir='ltr'>Ceu</span> <span class='ocrx_word' id='word_1_35' title='bbox 1267 1124 1398 1185; x_wconf 87' lang='lat' dir='ltr'>monte</span> <span class='ocrx_word' id='word_1_36' title='bbox 1416 1109 1588 1186; x_wconf 76' lang='lat' dir='ltr'>desectus</span> <span class='ocrx_word' id='word_1_37' title='bbox 1606 1110 1697 1211; x_wconf 86' lang='lat' dir='ltr'>lapis,</span> 
     </span>
     <span class='ocr_line' id='line_1_6' title="bbox 472 1205 1690 1310; baseline -0.002 -25"><span class='ocrx_word' id='word_1_38' title='bbox 472 1208 599 1310; x_wconf 77' lang='lat' dir='ltr'>lepide</span> <span class='ocrx_word' id='word_1_39' title='bbox 627 1208 789 1306; x_wconf 75' lang='lat' dir='ltr'>pretieso</span> <span class='ocrx_word' id='word_1_40' title='bbox 813 1205 937 1278; x_wconf 91' lang='lat' dir='ltr'>omnis</span> <span class='ocrx_word' id='word_1_41' title='bbox 953 1206 1133 1279; x_wconf 79' lang='lat' dir='ltr'>circditus</span> <span class='ocrx_word' id='word_1_42' title='bbox 1167 1210 1303 1285; x_wconf 84' lang='lat' dir='ltr'>Terras</span> <span class='ocrx_word' id='word_1_43' title='bbox 1331 1211 1372 1284; x_wconf 91' lang='lat' dir='ltr'>in</span> <span class='ocrx_word' id='word_1_44' title='bbox 1397 1210 1492 1284; x_wconf 87' lang='lat' dir='ltr'>imas</span> <span class='ocrx_word' id='word_1_45' title='bbox 1517 1209 1690 1294; x_wconf 88' lang='lat' dir='ltr'>decidens,</span> 
     </span>
     <span class='ocr_line' id='line_1_7' title="bbox 474 1298 1721 1407; baseline 0.002 -24"><span class='ocrx_word' id='word_1_46' title='bbox 474 1312 573 1383; x_wconf 89' lang='lat' dir='ltr'>muri</span> <span class='ocrx_word' id='word_1_47' title='bbox 590 1307 683 1405; x_wconf 86' lang='lat' dir='ltr'>ejus.</span> <span class='ocrx_word' id='word_1_48' title='bbox 707 1307 769 1377; x_wconf 85' lang='lat' dir='ltr'>Et.</span> <span class='ocrx_word' id='word_1_49' title='bbox 785 1298 919 1377; x_wconf 72' lang='lat' dir='ltr'>Gloria</span> <span class='ocrx_word' id='word_1_50' title='bbox 930 1306 1045 1378; x_wconf 84' lang='lat' dir='ltr'>Patri.</span> <span class='ocrx_word' id='word_1_51' title='bbox 1065 1306 1125 1377; x_wconf 87' lang='lat' dir='ltr'>Et.</span> <span class='ocrx_word' id='word_1_52' title='bbox 1167 1308 1310 1384; x_wconf 87' lang='lat' dir='ltr'>Domus</span> <span class='ocrx_word' id='word_1_53' title='bbox 1333 1308 1522 1407; x_wconf 70' lang='lat' dir='ltr'>supernae,</span> <span class='ocrx_word' id='word_1_54' title='bbox 1547 1324 1585 1384; x_wconf 91' lang='lat' dir='ltr'>et</span> <span class='ocrx_word' id='word_1_55' title='bbox 1603 1310 1721 1394; x_wconf 80' lang='lat' dir='ltr'>intime,</span> 
     </span>
     <span class='ocr_line' id='line_1_8' title="bbox 471 1402 1703 1509; baseline 0.003 -32"><span class='ocrx_word' id='word_1_56' title='bbox 471 1402 608 1477; x_wconf 82' lang='lat' dir='ltr'>Bened.</span> <span class='ocrx_word' id='word_1_57' title='bbox 641 1403 698 1478; x_wconf 72' lang='lat' dir='ltr'>An</span> <span class='ocrx_word' id='word_1_58' title='bbox 721 1404 952 1509; x_wconf 80' lang='lat' dir='ltr'>socictetem.</span> <span class='ocrx_word' id='word_1_59' title='bbox 1167 1406 1377 1507; x_wconf 82' lang='lat' dir='ltr'>Utrrimque</span> <span class='ocrx_word' id='word_1_60' title='bbox 1394 1408 1523 1506; x_wconf 82' lang='lat' dir='ltr'>junxit</span> <span class='ocrx_word' id='word_1_61' title='bbox 1538 1408 1703 1509; x_wconf 78' lang='lat' dir='ltr'>engulun.</span> 
     </span>
     <span class='ocr_line' id='line_1_9' title="bbox 694 1498 1663 1582; baseline 0 -3"><span class='ocrx_word' id='word_1_62' title='bbox 694 1498 818 1568; x_wconf 73' lang='lat' dir='ltr'>Leone</span> <span class='ocrx_word' id='word_1_63' title='bbox 854 1520 903 1565; x_wconf 72' lang='lat'>11·</span> <span class='ocrx_word' id='word_1_64' title='bbox 1163 1503 1241 1580; x_wconf 83' lang='lat' dir='ltr'>Sed</span> <span class='ocrx_word' id='word_1_65' title='bbox 1273 1508 1340 1581; x_wconf 83' lang='lat' dir='ltr'>illa</span> <span class='ocrx_word' id='word_1_66' title='bbox 1366 1506 1474 1581; x_wconf 80' lang='lat' dir='ltr'>sedes</span> <span class='ocrx_word' id='word_1_67' title='bbox 1497 1507 1663 1582; x_wconf 76' lang='lat' dir='ltr'>Coelimm</span> 
     </span>
     <span class='ocr_line' id='line_1_10' title="bbox 480 1599 1698 1786; baseline 0.002 -109"><span class='ocrx_word' id='word_1_68' title='bbox 480 1617 642 1786; x_wconf 71' lang='lat' dir='ltr'>Venox</span> <span class='ocrx_word' id='word_1_69' title='bbox 671 1626 720 1676; x_wconf 89' lang='lat' dir='ltr'>ne</span> <span class='ocrx_word' id='word_1_70' title='bbox 744 1626 886 1676; x_wconf 82' lang='lat' dir='ltr'>caecum</span> <span class='ocrx_word' id='word_1_71' title='bbox 904 1599 1014 1673; x_wconf 88' lang='lat' dir='ltr'>illum</span> <span class='ocrx_word' id='word_1_72' title='bbox 1033 1614 1129 1673; x_wconf 85' lang='lat' dir='ltr'>tam·</span> <span class='ocrx_word' id='word_1_73' title='bbox 1168 1607 1326 1705; x_wconf 80' lang='lat' dir='ltr'>Semper</span> <span class='ocrx_word' id='word_1_74' title='bbox 1350 1607 1509 1680; x_wconf 78' lang='lat' dir='ltr'>resirltat</span> <span class='ocrx_word' id='word_1_75' title='bbox 1534 1606 1698 1693; x_wconf 77' lang='lat' dir='ltr'>leudibus,</span> 
     </span>
     <span class='ocr_line' id='line_1_11' title="bbox 573 1700 1731 1804; baseline 0.002 -28"><span class='ocrx_word' id='word_1_76' title='bbox 573 1728 690 1803; x_wconf 89' lang='lat' dir='ltr'>quam</span> <span class='ocrx_word' id='word_1_77' title='bbox 712 1700 897 1774; x_wconf 77' lang='lat' dir='ltr'>fastidiesi</span> <span class='ocrx_word' id='word_1_78' title='bbox 921 1700 1133 1798; x_wconf 81' lang='lat' dir='ltr'>peuperum</span> <span class='ocrx_word' id='word_1_79' title='bbox 1168 1705 1365 1804; x_wconf 79' lang='lat' dir='ltr'>Detimque</span> <span class='ocrx_word' id='word_1_80' title='bbox 1381 1706 1543 1779; x_wconf 81' lang='lat' dir='ltr'>&#39;l’rinum</span> <span class='ocrx_word' id='word_1_81' title='bbox 1565 1720 1603 1779; x_wconf 88' lang='lat' dir='ltr'>et</span> <span class='ocrx_word' id='word_1_82' title='bbox 1620 1707 1731 1780; x_wconf 81' lang='lat' dir='ltr'>Unicum</span> 
     </span>
     <span class='ocr_line' id='line_1_12' title="bbox 473 1798 1647 1904; baseline -0.002 -26"><span class='ocrx_word' id='word_1_83' title='bbox 473 1818 550 1878; x_wconf 77' lang='lat' dir='ltr'>cito</span> <span class='ocrx_word' id='word_1_84' title='bbox 594 1801 786 1899; x_wconf 79' lang='lat' dir='ltr'>reliquisse</span> <span class='ocrx_word' id='word_1_85' title='bbox 828 1798 1051 1889; x_wconf 79' lang='lat' dir='ltr'>videemur,</span> <span class='ocrx_word' id='word_1_86' title='bbox 1095 1812 1136 1872; x_wconf 87' lang='lat' dir='ltr'>et</span> <span class='ocrx_word' id='word_1_87' title='bbox 1168 1805 1254 1904; x_wconf 79' lang='lat' dir='ltr'>lugi</span> <span class='ocrx_word' id='word_1_88' title='bbox 1281 1804 1420 1878; x_wconf 79' lang='lat' dir='ltr'>canere</span> <span class='ocrx_word' id='word_1_89' title='bbox 1445 1803 1647 1904; x_wconf 64' lang='lat' dir='ltr'>predicat:</span> 
     </span>
     <span class='ocr_line' id='line_1_13' title="bbox 476 1898 1643 2004; baseline 0 -27"><span class='ocrx_word' id='word_1_90' title='bbox 476 1903 661 1978; x_wconf 78' lang='lat' dir='ltr'>transisse</span> <span class='ocrx_word' id='word_1_91' title='bbox 677 1899 725 1973; x_wconf 91' lang='lat' dir='ltr'>ad</span> <span class='ocrx_word' id='word_1_92' title='bbox 755 1898 930 1987; x_wconf 83' lang='lat' dir='ltr'>divitem,</span> <span class='ocrx_word' id='word_1_93' title='bbox 958 1898 1136 1997; x_wconf 79' lang='lat' dir='ltr'>expecte-</span> <span class='ocrx_word' id='word_1_94' title='bbox 1168 1902 1225 1976; x_wconf 92' lang='lat' dir='ltr'>llli</span> <span class='ocrx_word' id='word_1_95' title='bbox 1250 1903 1429 1977; x_wconf 83' lang='lat' dir='ltr'>canentes</span> <span class='ocrx_word' id='word_1_96' title='bbox 1449 1904 1643 2004; x_wconf 79' lang='lat' dir='ltr'>jringimur</span> 
     </span>
     <span class='ocr_line' id='line_1_14' title="bbox 479 1992 1596 2116; baseline -0.002 -40"><span class='ocrx_word' id='word_1_97' title='bbox 479 2028 564 2076; x_wconf 90' lang='lat' dir='ltr'>mus</span> <span class='ocrx_word' id='word_1_98' title='bbox 590 2025 698 2091; x_wconf 89' lang='lat' dir='ltr'>eum,</span> <span class='ocrx_word' id='word_1_99' title='bbox 728 1999 818 2096; x_wconf 86' lang='lat' dir='ltr'>quia</span> <span class='ocrx_word' id='word_1_100' title='bbox 849 1992 1061 2116; x_wconf 76' lang='lat' dir='ltr'>expectevit</span> <span class='ocrx_word' id='word_1_101' title='bbox 1097 2010 1137 2070; x_wconf 87' lang='lat' dir='ltr'>et</span> <span class='ocrx_word' id='word_1_102' title='bbox 1169 2000 1287 2076; x_wconf 75' lang='lat' dir='ltr'>Alma</span> <span class='ocrx_word' id='word_1_103' title='bbox 1312 2000 1434 2078; x_wconf 78' lang='lat' dir='ltr'>Sienis</span> <span class='ocrx_word' id='word_1_104' title='bbox 1458 2003 1596 2076; x_wconf 82' lang='lat' dir='ltr'>aemuli.</span> 
     </span>
     <span class='ocr_line' id='line_1_15' title="bbox 480 2098 1740 2202; baseline -0.004 -28"><span class='ocrx_word' id='word_1_105' title='bbox 480 2102 665 2175; x_wconf 80' lang='lat' dir='ltr'>Deminus</span> <span class='ocrx_word' id='word_1_106' title='bbox 686 2127 695 2170; x_wconf 75' lang='grc' dir='ltr'><strong><em>ε</em></strong></span> <span class='ocrx_word' id='word_1_107' title='bbox 719 2098 994 2197; x_wconf 80' lang='lat' dir='ltr'>interrogemus</span> <span class='ocrx_word' id='word_1_108' title='bbox 1018 2121 1133 2186; x_wconf 89' lang='lat' dir='ltr'>eum,</span> <span class='ocrx_word' id='word_1_109' title='bbox 1169 2099 1256 2175; x_wconf 85' lang='lat' dir='ltr'>llaec</span> <span class='ocrx_word' id='word_1_110' title='bbox 1281 2100 1442 2202; x_wconf 86' lang='lat' dir='ltr'>templa,</span> <span class='ocrx_word' id='word_1_111' title='bbox 1468 2102 1550 2175; x_wconf 84' lang='lat' dir='ltr'>Rex</span> <span class='ocrx_word' id='word_1_112' title='bbox 1574 2098 1740 2181; x_wconf 83' lang='lat' dir='ltr'>Coelestiun,</span> 
     </span>
     <span class='ocr_line' id='line_1_16' title="bbox 479 2194 1668 2323; baseline 0.001 -51"><span class='ocrx_word' id='word_1_113' title='bbox 479 2201 571 2298; x_wconf 90' lang='lat' dir='ltr'>quia</span> <span class='ocrx_word' id='word_1_114' title='bbox 601 2196 847 2297; x_wconf 79' lang='lat' dir='ltr'>interrogevit</span> <span class='ocrx_word' id='word_1_115' title='bbox 883 2211 922 2271; x_wconf 88' lang='lat' dir='ltr'>et</span> <span class='ocrx_word' id='word_1_116' title='bbox 951 2194 1133 2268; x_wconf 88' lang='lat' dir='ltr'>Christus.</span> <span class='ocrx_word' id='word_1_117' title='bbox 1170 2200 1288 2300; x_wconf 87' lang='lat' dir='ltr'>lmplc</span> <span class='ocrx_word' id='word_1_118' title='bbox 1312 2198 1479 2323; x_wconf 64' lang='lat' dir='ltr'>benigno</span> <span class='ocrx_word' id='word_1_119' title='bbox 1504 2200 1668 2274; x_wconf 85' lang='lat' dir='ltr'>himine:</span> 
     </span>
     <span class='ocr_line' id='line_1_17' title="bbox 478 2292 1659 2401; baseline -0.003 -27"><span class='ocrx_word' id='word_1_120' title='bbox 478 2301 555 2374; x_wconf 85' lang='lat' dir='ltr'>Nos</span> <span class='ocrx_word' id='word_1_121' title='bbox 583 2297 880 2397; x_wconf 70' lang='lat' dir='ltr'>interrogemus,</span> <span class='ocrx_word' id='word_1_122' title='bbox 907 2295 997 2393; x_wconf 86' lang='lat' dir='ltr'>quia</span> <span class='ocrx_word' id='word_1_123' title='bbox 1021 2292 1137 2368; x_wconf 84' lang='lat' dir='ltr'>nesci·</span> <span class='ocrx_word' id='word_1_124' title='bbox 1172 2301 1253 2373; x_wconf 91' lang='lat' dir='ltr'>lluc</span> <span class='ocrx_word' id='word_1_125' title='bbox 1277 2325 1313 2372; x_wconf 88' lang='lat' dir='ltr'>o·</span> <span class='ocrx_word' id='word_1_126' title='bbox 1328 2313 1482 2401; x_wconf 78' lang='lat' dir='ltr'>rogatus</span> <span class='ocrx_word' id='word_1_127' title='bbox 1507 2295 1659 2388; x_wconf 75' lang='lat' dir='ltr'>edreni,</span> 
     </span>
     <span class='ocr_line' id='line_1_18' title="bbox 482 2395 1660 2513; baseline 0.001 -44"><span class='ocrx_word' id='word_1_128' title='bbox 482 2423 596 2471; x_wconf 89' lang='lat' dir='ltr'>mus:</span> <span class='ocrx_word' id='word_1_129' title='bbox 628 2397 713 2487; x_wconf 91' lang='lat' dir='ltr'>ille,</span> <span class='ocrx_word' id='word_1_130' title='bbox 741 2396 832 2493; x_wconf 86' lang='lat' dir='ltr'>quia</span> <span class='ocrx_word' id='word_1_131' title='bbox 856 2395 1026 2468; x_wconf 77' lang='lat' dir='ltr'>neverat.</span> <span class='ocrx_word' id='word_1_132' title='bbox 1051 2395 1138 2468; x_wconf 48' lang='lat' dir='ltr'>&#39;Nos</span> <span class='ocrx_word' id='word_1_133' title='bbox 1171 2397 1368 2499; x_wconf 85' lang='lat' dir='ltr'>Plebisque</span> <span class='ocrx_word' id='word_1_134' title='bbox 1393 2413 1482 2473; x_wconf 82' lang='lat' dir='ltr'>vota</span> <span class='ocrx_word' id='word_1_135' title='bbox 1509 2400 1660 2513; x_wconf 75' lang='lat' dir='ltr'>suscipe,</span> 
     </span>
     <span class='ocr_line' id='line_1_19' title="bbox 480 2488 1662 2598; baseline 0 -29"><span class='ocrx_word' id='word_1_136' title='bbox 480 2497 775 2596; x_wconf 73' lang='lat' dir='ltr'>interrogemus,</span> <span class='ocrx_word' id='word_1_137' title='bbox 799 2507 844 2568; x_wconf 86' lang='lat' dir='ltr'>ut</span> <span class='ocrx_word' id='word_1_138' title='bbox 858 2488 1020 2567; x_wconf 81' lang='lat' dir='ltr'>sciemus</span> <span class='ocrx_word' id='word_1_139' title='bbox 1037 2492 1138 2566; x_wconf 89' lang='lat' dir='ltr'>unde</span> <span class='ocrx_word' id='word_1_140' title='bbox 1171 2499 1221 2571; x_wconf 88' lang='lat' dir='ltr'>Et</span> <span class='ocrx_word' id='word_1_141' title='bbox 1244 2512 1374 2572; x_wconf 89' lang='lat' dir='ltr'>nostra</span> <span class='ocrx_word' id='word_1_142' title='bbox 1397 2497 1514 2572; x_wconf 81' lang='lat' dir='ltr'>corda</span> <span class='ocrx_word' id='word_1_143' title='bbox 1532 2499 1662 2598; x_wconf 76' lang='lat' dir='ltr'>jegrter</span> 
     </span>
     <span class='ocr_line' id='line_1_20' title="bbox 479 2585 1626 2692; baseline 0.001 -22"><span class='ocrx_word' id='word_1_144' title='bbox 479 2592 717 2673; x_wconf 79' lang='lat' dir='ltr'>istecuretus</span> <span class='ocrx_word' id='word_1_145' title='bbox 744 2596 817 2667; x_wconf 86' lang='lat' dir='ltr'>sit:</span> <span class='ocrx_word' id='word_1_146' title='bbox 849 2593 911 2666; x_wconf 88' lang='lat' dir='ltr'>ille</span> <span class='ocrx_word' id='word_1_147' title='bbox 928 2585 1140 2692; x_wconf 76' lang='lat' dir='ltr'>interroge-</span> <span class='ocrx_word' id='word_1_148' title='bbox 1171 2595 1362 2671; x_wconf 79' lang='lat' dir='ltr'>Perfrinde</span> <span class='ocrx_word' id='word_1_149' title='bbox 1388 2596 1473 2671; x_wconf 85' lang='lat' dir='ltr'>coeli</span> <span class='ocrx_word' id='word_1_150' title='bbox 1523 2598 1626 2671; x_wconf 72' lang='lat' dir='ltr'>retia.</span> 
     </span>
     <span class='ocr_line' id='line_1_21' title="bbox 481 2621 1653 2795; baseline -0.002 -31"><span class='ocrx_word' id='word_1_151' title='bbox 481 2696 555 2784; x_wconf 87' lang='lat' dir='ltr'>vit,</span> <span class='ocrx_word' id='word_1_152' title='bbox 589 2707 631 2768; x_wconf 88' lang='lat' dir='ltr'>ut</span> <span class='ocrx_word' id='word_1_153' title='bbox 660 2695 701 2767; x_wconf 91' lang='lat' dir='ltr'>in</span> <span class='ocrx_word' id='word_1_154' title='bbox 732 2718 808 2765; x_wconf 91' lang='lat' dir='ltr'>uno</span> <span class='ocrx_word' id='word_1_155' title='bbox 826 2691 950 2791; x_wconf 86' lang='lat' dir='ltr'>plures</span> <span class='ocrx_word' id='word_1_156' title='bbox 970 2691 1138 2764; x_wconf 87' lang='lat' dir='ltr'>discere-</span> <span class='ocrx_word' id='word_1_157' title='bbox 1171 2693 1241 2770; x_wconf 83' lang='lat' dir='ltr'>llic</span> <span class='ocrx_word' id='word_1_158' title='bbox 1265 2694 1470 2795; x_wconf 75' lang='lat' dir='ltr'>impetrent</span> <span class='ocrx_word' id='word_1_159' title='bbox 1494 2621 1653 2771; x_wconf 60' lang='lat' dir='ltr'>dde‘lium</span> 
     </span>
    </p>
   </div>
   <div class='ocr_carea' id='block_1_3' title="bbox 483 2789 1712 2895">
    <p class='ocr_par' dir='ltr' id='par_1_3' title="bbox 483 2789 1712 2895">
     <span class='ocr_line' id='line_1_22' title="bbox 483 2789 1712 2895; baseline -0.001 -29"><span class='ocrx_word' id='word_1_160' title='bbox 483 2818 593 2879; x_wconf 91' lang='lat' dir='ltr'>mus,</span> <span class='ocrx_word' id='word_1_161' title='bbox 630 2792 731 2867; x_wconf 89' lang='lat' dir='ltr'>unde</span> <span class='ocrx_word' id='word_1_162' title='bbox 765 2791 971 2866; x_wconf 78' lang='lat' dir='ltr'>Deminum</span> <span class='ocrx_word' id='word_1_163' title='bbox 1012 2789 1139 2864; x_wconf 85' lang='lat' dir='ltr'>videre</span> <span class='ocrx_word' id='word_1_164' title='bbox 1172 2794 1290 2870; x_wconf 85' lang='lat' dir='ltr'>Voces</span> <span class='ocrx_word' id='word_1_165' title='bbox 1315 2794 1520 2895; x_wconf 86' lang='lat' dir='ltr'>precesque</span> <span class='ocrx_word' id='word_1_166' title='bbox 1544 2793 1712 2894; x_wconf 78' lang='lat' dir='ltr'>sripplicun</span> 
     </span>
    </p>
   </div>
   <div class='ocr_carea' id='block_1_4' title="bbox 484 2890 1655 3009">
    <p class='ocr_par' dir='ltr' id='par_1_4' title="bbox 484 2890 1655 3009">
     <span class='ocr_line' id='line_1_23' title="bbox 484 2890 1655 3009; baseline 0.002 -44"><span class='ocrx_word' id='word_1_167' title='bbox 484 2891 711 2965; x_wconf 79' lang='lat' dir='ltr'>mercemur.</span> <span class='ocrx_word' id='word_1_168' title='bbox 739 2890 986 3009; x_wconf 64' lang='lat' dir='ltr'>lntcrrogevit</span> <span class='ocrx_word' id='word_1_169' title='bbox 1014 2891 1135 2979; x_wconf 88' lang='lat' dir='ltr'>enim,</span> <span class='ocrx_word' id='word_1_170' title='bbox 1172 2895 1316 2968; x_wconf 91' lang='lat' dir='ltr'>Domus</span> <span class='ocrx_word' id='word_1_171' title='bbox 1343 2892 1463 2969; x_wconf 80' lang='lat' dir='ltr'>beetae</span> <span class='ocrx_word' id='word_1_172' title='bbox 1488 2896 1655 2980; x_wconf 74' lang='lat' dir='ltr'>munem,</span> 
     </span>
    </p>
   </div>
   <div class='ocr_carea' id='block_1_5' title="bbox 485 2989 1704 3113">
    <p class='ocr_par' dir='ltr' id='par_1_5' title="bbox 485 2989 1704 3113">
     <span class='ocr_line' id='line_1_24' title="bbox 485 2989 1704 3113; baseline -0.002 -49"><span class='ocrx_word' id='word_1_173' title='bbox 485 3006 529 3064; x_wconf 84' lang='lat' dir='ltr'>ut</span> <span class='ocrx_word' id='word_1_174' title='bbox 553 2989 813 3076; x_wconf 67' lang='lat' dir='ltr'>crederemus,</span> <span class='ocrx_word' id='word_1_175' title='bbox 844 2990 1037 3063; x_wconf 89' lang='lat' dir='ltr'>neminem</span> <span class='ocrx_word' id='word_1_176' title='bbox 1066 2989 1138 3061; x_wconf 89' lang='lat' dir='ltr'>nisi</span> <span class='ocrx_word' id='word_1_177' title='bbox 1172 2993 1366 3092; x_wconf 86' lang='lat' dir='ltr'>Partisque</span> <span class='ocrx_word' id='word_1_178' title='bbox 1391 2992 1504 3113; x_wconf 72' lang='lat' dir='ltr'>donis</span> <span class='ocrx_word' id='word_1_179' title='bbox 1528 2992 1704 3094; x_wconf 79' lang='lat' dir='ltr'>geodeant;</span> 
     </span>
    </p>
   </div>
   <div class='ocr_carea' id='block_1_6' title="bbox 475 3083 1742 5369">
    <p class='ocr_par' dir='ltr' id='par_1_6' title="bbox 475 3083 1742 5369">
     <span class='ocr_line' id='line_1_25' title="bbox 485 3083 1618 3192; baseline 0.002 -28"><span class='ocrx_word' id='word_1_180' title='bbox 485 3087 730 3165; x_wconf 81' lang='lat' dir='ltr'>confitentem</span> <span class='ocrx_word' id='word_1_181' title='bbox 754 3113 861 3187; x_wconf 88' lang='lat' dir='ltr'>posse</span> <span class='ocrx_word' id='word_1_182' title='bbox 888 3083 1037 3161; x_wconf 79' lang='lat' dir='ltr'>salveri.</span> <span class='ocrx_word' id='word_1_183' title='bbox 1172 3093 1301 3166; x_wconf 84' lang='lat' dir='ltr'>Donec</span> <span class='ocrx_word' id='word_1_184' title='bbox 1326 3092 1438 3166; x_wconf 77' lang='lat' dir='ltr'>solun</span> <span class='ocrx_word' id='word_1_185' title='bbox 1464 3117 1618 3192; x_wconf 87' lang='lat' dir='ltr'>corpore</span> 
     </span>
     <span class='ocr_line' id='line_1_26' title="bbox 478 3186 1649 3290; baseline -0.001 -27"><span class='ocrx_word' id='word_1_186' title='bbox 478 3187 532 3263; x_wconf 76' lang='lat' dir='ltr'>&#39;l&#39;e</span> <span class='ocrx_word' id='word_1_187' title='bbox 548 3192 670 3264; x_wconf 86' lang='lat' dir='ltr'>Deum</span> <span class='ocrx_word' id='word_1_188' title='bbox 689 3187 901 3261; x_wconf 74' lang='lat' dir='ltr'>laudemus.</span> <span class='ocrx_word' id='word_1_189' title='bbox 925 3191 986 3261; x_wconf 76' lang='grc'>14.</span> <span class='ocrx_word' id='word_1_190' title='bbox 1172 3190 1286 3266; x_wconf 83' lang='lat' dir='ltr'>Sedes</span> <span class='ocrx_word' id='word_1_191' title='bbox 1310 3186 1440 3265; x_wconf 82' lang='lat' dir='ltr'>beetas</span> <span class='ocrx_word' id='word_1_192' title='bbox 1465 3190 1649 3290; x_wconf 85' lang='lat' dir='ltr'>impleant.</span> 
     </span>
     <span class='ocr_line' id='line_1_27' title="bbox 661 3286 1653 3377; baseline -0.001 -15"><span class='ocrx_word' id='word_1_193' title='bbox 661 3287 726 3362; x_wconf 85' lang='lat' dir='ltr'>AD</span> <span class='ocrx_word' id='word_1_194' title='bbox 760 3286 960 3377; x_wconf 65' lang='lat' dir='ltr'>LllUllES,</span> <span class='ocrx_word' id='word_1_195' title='bbox 1170 3289 1292 3364; x_wconf 82' lang='lat' dir='ltr'>Decus</span> <span class='ocrx_word' id='word_1_196' title='bbox 1315 3290 1469 3364; x_wconf 88' lang='lat' dir='ltr'>Parenti</span> <span class='ocrx_word' id='word_1_197' title='bbox 1493 3289 1653 3365; x_wconf 85' lang='lat' dir='ltr'>debitum</span> 
     </span>
     <span class='ocr_line' id='line_1_28' title="bbox 475 3377 1713 3488; baseline 0.002 -37"><span class='ocrx_word' id='word_1_198' title='bbox 475 3445 478 3451; x_wconf 89' lang='lat'>.</span> <span class='ocrx_word' id='word_1_199' title='bbox 595 3396 630 3452; x_wconf 78' lang='lat' dir='ltr'>ct</span> <span class='ocrx_word' id='word_1_200' title='bbox 658 3406 722 3476; x_wconf 79' lang='lat' dir='ltr'>per</span> <span class='ocrx_word' id='word_1_201' title='bbox 747 3382 880 3454; x_wconf 69' lang='lat' dir='ltr'>llorm.</span> <span class='ocrx_word' id='word_1_202' title='bbox 907 3377 1004 3449; x_wconf 67' lang='lat' dir='ltr'>dfia‘·</span> <span class='ocrx_word' id='word_1_203' title='bbox 1172 3390 1227 3463; x_wconf 88' lang='lat' dir='ltr'>Sit</span> <span class='ocrx_word' id='word_1_204' title='bbox 1250 3390 1521 3488; x_wconf 79' lang='lat' dir='ltr'>usquequeque</span> <span class='ocrx_word' id='word_1_205' title='bbox 1547 3387 1713 3462; x_wconf 78' lang='lat' dir='ltr'>Altissino.</span> 
     </span>
     <span class='ocr_line' id='line_1_29' title="bbox 482 3483 1638 3588; baseline 0.003 -29"><span class='ocrx_word' id='word_1_206' title='bbox 482 3487 513 3552; x_wconf 84' lang='lat' dir='ltr'>l.</span> <span class='ocrx_word' id='word_1_207' title='bbox 549 3489 715 3559; x_wconf 89' lang='lat' dir='ltr'>Domum</span> <span class='ocrx_word' id='word_1_208' title='bbox 746 3498 873 3573; x_wconf 86' lang='lat' dir='ltr'>tuam,</span> <span class='ocrx_word' id='word_1_209' title='bbox 905 3483 1089 3570; x_wconf 80' lang='lat' dir='ltr'>Demine,</span> <span class='ocrx_word' id='word_1_210' title='bbox 1121 3483 1137 3513; x_wconf 79' lang='lat'>‘</span> <span class='ocrx_word' id='word_1_211' title='bbox 1170 3489 1342 3588; x_wconf 78' lang='lat' dir='ltr'>Nateque</span> <span class='ocrx_word' id='word_1_212' title='bbox 1366 3490 1490 3563; x_wconf 83' lang='lat' dir='ltr'>Patris</span> <span class='ocrx_word' id='word_1_213' title='bbox 1514 3486 1638 3576; x_wconf 76' lang='lat' dir='ltr'>cinico,</span> 
     </span>
     <span class='ocr_line' id='line_1_30' title="bbox 480 3579 1610 3687; baseline 0.002 -28"><span class='ocrx_word' id='word_1_214' title='bbox 480 3585 591 3661; x_wconf 86' lang='lat' dir='ltr'>decet</span> <span class='ocrx_word' id='word_1_215' title='bbox 609 3583 841 3676; x_wconf 84' lang='lat' dir='ltr'>sanctitrido,</span> <span class='ocrx_word' id='word_1_216' title='bbox 868 3585 909 3656; x_wconf 93' lang='lat' dir='ltr'>in</span> <span class='ocrx_word' id='word_1_217' title='bbox 928 3579 1138 3682; x_wconf 77' lang='lat' dir='ltr'>longiledi·</span> <span class='ocrx_word' id='word_1_218' title='bbox 1170 3589 1219 3661; x_wconf 85' lang='lat' dir='ltr'>Et</span> <span class='ocrx_word' id='word_1_219' title='bbox 1244 3587 1386 3687; x_wconf 75' lang='lat' dir='ltr'>inclyto</span> <span class='ocrx_word' id='word_1_220' title='bbox 1409 3587 1610 3677; x_wconf 78' lang='lat' dir='ltr'>Pareclito,</span> 
     </span>
     <span class='ocr_line' id='line_1_31' title="bbox 482 3678 1697 3786; baseline -0.004 -28"><span class='ocrx_word' id='word_1_221' title='bbox 482 3710 571 3759; x_wconf 89' lang='lat' dir='ltr'>nem</span> <span class='ocrx_word' id='word_1_222' title='bbox 588 3684 749 3759; x_wconf 89' lang='lat' dir='ltr'>dierum.</span> <span class='ocrx_word' id='word_1_223' title='bbox 770 3679 826 3746; x_wconf 56' lang='lat' dir='ltr'>Pon</span> <span class='ocrx_word' id='word_1_224' title='bbox 859 3678 1045 3755; x_wconf 80' lang='lat' dir='ltr'>Deminus</span> <span class='ocrx_word' id='word_1_225' title='bbox 1072 3704 1137 3753; x_wconf 87' lang='lat' dir='ltr'>re-</span> <span class='ocrx_word' id='word_1_226' title='bbox 1172 3687 1241 3759; x_wconf 89' lang='lat' dir='ltr'>Cui</span> <span class='ocrx_word' id='word_1_227' title='bbox 1266 3687 1370 3776; x_wconf 89' lang='lat' dir='ltr'>laus,</span> <span class='ocrx_word' id='word_1_228' title='bbox 1397 3687 1586 3786; x_wconf 79' lang='lat' dir='ltr'>potestas,</span> <span class='ocrx_word' id='word_1_229' title='bbox 1610 3680 1697 3784; x_wconf 75' lang='lat' dir='ltr'>gldn&#39;t</span> 
     </span>
     <span class='ocr_line' id='line_1_32' title="bbox 480 3775 1737 3920; baseline -0.002 -62"><span class='ocrx_word' id='word_1_230' title='bbox 480 3780 713 3920; x_wconf 60' lang='lat' dir='ltr'>pnevitpwn</span> <span class='ocrx_word' id='word_1_231' title='bbox 753 3775 857 3871; x_wconf 68' lang='lat' dir='ltr'>reliq·</span> <span class='ocrx_word' id='word_1_232' title='bbox 882 3786 942 3854; x_wconf 78' lang='grc'>15.</span> <span class='ocrx_word' id='word_1_233' title='bbox 1167 3785 1325 3859; x_wconf 83' lang='lat' dir='ltr'>AEterna</span> <span class='ocrx_word' id='word_1_234' title='bbox 1347 3786 1397 3858; x_wconf 90' lang='lat' dir='ltr'>sit</span> <span class='ocrx_word' id='word_1_235' title='bbox 1421 3810 1490 3885; x_wconf 90' lang='lat' dir='ltr'>per</span> <span class='ocrx_word' id='word_1_236' title='bbox 1513 3785 1648 3859; x_wconf 85' lang='lat' dir='ltr'>saecnla.</span> <span class='ocrx_word' id='word_1_237' title='bbox 1667 3777 1737 3886; x_wconf 59' lang='lat' dir='ltr'>ln*</span> 
     </span>
     <span class='ocr_line' id='line_1_33' title="bbox 479 3878 1696 3971; baseline -0.002 -15"><span class='ocrx_word' id='word_1_238' title='bbox 479 3895 513 3947; x_wconf 57' lang='grc' dir='ltr'>ζ.</span> <span class='ocrx_word' id='word_1_239' title='bbox 545 3884 686 3956; x_wconf 87' lang='lat' dir='ltr'>Domus</span> <span class='ocrx_word' id='word_1_240' title='bbox 715 3905 822 3971; x_wconf 88' lang='lat' dir='ltr'>mea,</span> <span class='ocrx_word' id='word_1_241' title='bbox 851 3881 867 3914; x_wconf 78' lang='grc'><em>*</em></span> <span class='ocrx_word' id='word_1_242' title='bbox 894 3879 1030 3953; x_wconf 91' lang='lat' dir='ltr'>domus</span> <span class='ocrx_word' id='word_1_243' title='bbox 1054 3902 1135 3952; x_wconf 87' lang='lat' dir='ltr'>ora·</span> <span class='ocrx_word' id='word_1_244' title='bbox 1169 3883 1204 3958; x_wconf 78' lang='lat' dir='ltr'>i.</span> <span class='ocrx_word' id='word_1_245' title='bbox 1235 3885 1322 3958; x_wconf 83' lang='lat' dir='ltr'>llaec</span> <span class='ocrx_word' id='word_1_246' title='bbox 1347 3897 1405 3958; x_wconf 86' lang='lat' dir='ltr'>est</span> <span class='ocrx_word' id='word_1_247' title='bbox 1425 3884 1564 3958; x_wconf 90' lang='lat' dir='ltr'>domus</span> <span class='ocrx_word' id='word_1_248' title='bbox 1582 3878 1696 3957; x_wconf 68' lang='lat' dir='ltr'>nomin</span> 
     </span>
     <span class='ocr_line' id='line_1_34' title="bbox 481 3966 1707 4076; baseline -0.004 -20"><span class='ocrx_word' id='word_1_249' title='bbox 481 3980 591 4056; x_wconf 80' lang='lat' dir='ltr'>ticinis</span> <span class='ocrx_word' id='word_1_250' title='bbox 615 3980 823 4055; x_wconf 73' lang='lat' dir='ltr'>nocebitur.</span> <span class='ocrx_word' id='word_1_251' title='bbox 1118 4028 1120 4032; x_wconf 27' lang='grc' dir='ltr'><strong><em>ι</em></strong></span> <span class='ocrx_word' id='word_1_252' title='bbox 1170 3984 1282 4057; x_wconf 85' lang='lat' dir='ltr'>miter</span> <span class='ocrx_word' id='word_1_253' title='bbox 1304 3982 1503 4057; x_wconf 74' lang='lat' dir='ltr'>aedificeta.</span> <span class='ocrx_word' id='word_1_254' title='bbox 1537 3993 1574 4076; x_wconf 65' lang='grc' dir='ltr'>ις.</span> <span class='ocrx_word' id='word_1_255' title='bbox 1596 3966 1707 4054; x_wconf 69' lang='lat' dir='ltr'>nene!</span> 
     </span>
     <span class='ocr_line' id='line_1_35' title="bbox 479 4074 1683 4182; baseline 0.005 -35"><span class='ocrx_word' id='word_1_256' title='bbox 479 4084 515 4147; x_wconf 71' lang='lat'>3.</span> <span class='ocrx_word' id='word_1_257' title='bbox 538 4082 625 4156; x_wconf 85' lang='lat' dir='ltr'>Haec</span> <span class='ocrx_word' id='word_1_258' title='bbox 648 4095 705 4154; x_wconf 89' lang='lat' dir='ltr'>est</span> <span class='ocrx_word' id='word_1_259' title='bbox 722 4080 858 4152; x_wconf 91' lang='lat' dir='ltr'>domus</span> <span class='ocrx_word' id='word_1_260' title='bbox 875 4076 1025 4151; x_wconf 75' lang='lat' dir='ltr'>Demini</span> <span class='ocrx_word' id='word_1_261' title='bbox 1043 4077 1058 4105; x_wconf 84' lang='lat'><strong>*</strong></span> <span class='ocrx_word' id='word_1_262' title='bbox 1074 4074 1136 4149; x_wconf 83' lang='lat' dir='ltr'>iir-</span> <span class='ocrx_word' id='word_1_263' title='bbox 1170 4082 1260 4156; x_wconf 64' lang='lat' dir='ltr'>deta</span> <span class='ocrx_word' id='word_1_264' title='bbox 1277 4096 1333 4157; x_wconf 82' lang='lat' dir='ltr'>est</span> <span class='ocrx_word' id='word_1_265' title='bbox 1350 4107 1466 4182; x_wconf 82' lang='lat' dir='ltr'>supra</span> <span class='ocrx_word' id='word_1_266' title='bbox 1489 4081 1633 4156; x_wconf 86' lang='lat' dir='ltr'>firmam</span> <span class='ocrx_word' id='word_1_267' title='bbox 1651 4096 1683 4174; x_wconf 69' lang='lat' dir='ltr'>pe</span> 
     </span>
     <span class='ocr_line' id='line_1_36' title="bbox 482 4174 1693 4282; baseline -0.01 -29"><span class='ocrx_word' id='word_1_268' title='bbox 482 4181 595 4254; x_wconf 88' lang='lat' dir='ltr'>miter</span> <span class='ocrx_word' id='word_1_269' title='bbox 622 4175 828 4270; x_wconf 78' lang='lat' dir='ltr'>aedificeta,</span> <span class='ocrx_word' id='word_1_270' title='bbox 857 4177 953 4250; x_wconf 87' lang='lat' dir='ltr'>bene</span> <span class='ocrx_word' id='word_1_271' title='bbox 979 4174 1137 4249; x_wconf 78' lang='lat' dir='ltr'>fundeta</span> <span class='ocrx_word' id='word_1_272' title='bbox 1267 4176 1324 4248; x_wconf 74' lang='lat' dir='ltr'>,ln</span> <span class='ocrx_word' id='word_1_273' title='bbox 1358 4177 1598 4268; x_wconf 75' lang='lat' dir='ltr'>Benedictus,</span> <span class='ocrx_word' id='word_1_274' title='bbox 1624 4174 1693 4282; x_wconf 56' lang='lat' dir='ltr'>:lna</span> 
     </span>
     <span class='ocr_line' id='line_1_37' title="bbox 480 4274 1717 4378; baseline -0.005 -26"><span class='ocrx_word' id='word_1_275' title='bbox 480 4294 538 4353; x_wconf 89' lang='lat' dir='ltr'>est</span> <span class='ocrx_word' id='word_1_276' title='bbox 566 4304 677 4378; x_wconf 86' lang='lat' dir='ltr'>supra</span> <span class='ocrx_word' id='word_1_277' title='bbox 704 4277 855 4350; x_wconf 85' lang='lat' dir='ltr'>firmam</span> <span class='ocrx_word' id='word_1_278' title='bbox 873 4288 1033 4375; x_wconf 86' lang='lat' dir='ltr'>petram.</span> <span class='ocrx_word' id='word_1_279' title='bbox 1170 4278 1341 4369; x_wconf 79' lang='lat' dir='ltr'>Zochoee,</span> <span class='ocrx_word' id='word_1_280' title='bbox 1368 4279 1384 4309; x_wconf 83' lang='lat'><strong>*</strong></span> <span class='ocrx_word' id='word_1_281' title='bbox 1406 4277 1591 4354; x_wconf 69' lang='lat' dir='ltr'>festInans</span> <span class='ocrx_word' id='word_1_282' title='bbox 1615 4274 1667 4347; x_wconf 88' lang='lat' dir='ltr'>de·</span> <span class='ocrx_word' id='word_1_283' title='bbox 1712 4353 1717 4366; x_wconf 55' lang='grc'><em>,</em></span> 
     </span>
     <span class='ocr_line' id='line_1_38' title="bbox 481 4372 1691 4478; baseline -0.004 -27"><span class='ocrx_word' id='word_1_284' title='bbox 481 4374 516 4441; x_wconf 44' lang='grc' dir='ltr'>ιἰ.</span> <span class='ocrx_word' id='word_1_285' title='bbox 551 4380 653 4452; x_wconf 88' lang='lat' dir='ltr'>Bene</span> <span class='ocrx_word' id='word_1_286' title='bbox 683 4372 847 4451; x_wconf 74' lang='lat' dir='ltr'>fundeta</span> <span class='ocrx_word' id='word_1_287' title='bbox 872 4390 930 4449; x_wconf 85' lang='lat' dir='ltr'>cst</span> <span class='ocrx_word' id='word_1_288' title='bbox 958 4376 973 4405; x_wconf 82' lang='lat'><em>*</em></span> <span class='ocrx_word' id='word_1_289' title='bbox 1000 4373 1137 4448; x_wconf 86' lang='lat' dir='ltr'>domus</span> <span class='ocrx_word' id='word_1_290' title='bbox 1171 4379 1262 4477; x_wconf 87' lang='lat' dir='ltr'>quia</span> <span class='ocrx_word' id='word_1_291' title='bbox 1281 4377 1394 4452; x_wconf 72' lang='lat' dir='ltr'>hedie</span> <span class='ocrx_word' id='word_1_292' title='bbox 1418 4378 1459 4451; x_wconf 91' lang='lat' dir='ltr'>iu</span> <span class='ocrx_word' id='word_1_293' title='bbox 1489 4378 1599 4452; x_wconf 88' lang='lat' dir='ltr'>domo</span> <span class='ocrx_word' id='word_1_294' title='bbox 1619 4388 1691 4478; x_wconf 42' lang='lat' dir='ltr'>tut·</span> 
     </span>
     <span class='ocr_line' id='line_1_39' title="bbox 479 4471 1691 4576; baseline -0.007 -24"><span class='ocrx_word' id='word_1_295' title='bbox 479 4477 633 4552; x_wconf 78' lang='lat' dir='ltr'>Domini</span> <span class='ocrx_word' id='word_1_296' title='bbox 658 4502 772 4576; x_wconf 81' lang='lat' dir='ltr'>supra</span> <span class='ocrx_word' id='word_1_297' title='bbox 799 4473 950 4547; x_wconf 80' lang='lat' dir='ltr'>sinnam</span> <span class='ocrx_word' id='word_1_298' title='bbox 973 4487 1133 4572; x_wconf 87' lang='lat' dir='ltr'>petram.</span> <span class='ocrx_word' id='word_1_299' title='bbox 1171 4490 1226 4551; x_wconf 83' lang='lat' dir='ltr'>tet</span> <span class='ocrx_word' id='word_1_300' title='bbox 1241 4501 1303 4550; x_wconf 90' lang='lat' dir='ltr'>me</span> <span class='ocrx_word' id='word_1_301' title='bbox 1322 4477 1494 4552; x_wconf 85' lang='lat' dir='ltr'>manere:</span> <span class='ocrx_word' id='word_1_302' title='bbox 1516 4471 1649 4552; x_wconf 84' lang='lat' dir='ltr'>atillel</span> <span class='ocrx_word' id='word_1_303' title='bbox 1668 4491 1691 4572; x_wconf 29' lang='lat'>‘¹</span> 
     </span>
     <span class='ocr_line' id='line_1_40' title="bbox 479 4564 1661 4675; baseline -0.005 -26"><span class='ocrx_word' id='word_1_304' title='bbox 479 4577 514 4640; x_wconf 66' lang='grc' dir='ltr'>ἵ).</span> <span class='ocrx_word' id='word_1_305' title='bbox 536 4569 694 4675; x_wconf 74' lang='lat' dir='ltr'>Lepidos</span> <span class='ocrx_word' id='word_1_306' title='bbox 711 4573 860 4675; x_wconf 76' lang='lat' dir='ltr'>pretiesi</span> <span class='ocrx_word' id='word_1_307' title='bbox 878 4574 893 4607; x_wconf 81' lang='lat'>*</span> <span class='ocrx_word' id='word_1_308' title='bbox 910 4597 1041 4647; x_wconf 88' lang='lat' dir='ltr'>omncs</span> <span class='ocrx_word' id='word_1_309' title='bbox 1058 4597 1137 4646; x_wconf 91' lang='lat' dir='ltr'>mu·</span> <span class='ocrx_word' id='word_1_310' title='bbox 1170 4569 1392 4667; x_wconf 82' lang='lat' dir='ltr'>descendit,</span> <span class='ocrx_word' id='word_1_311' title='bbox 1434 4589 1474 4649; x_wconf 89' lang='lat' dir='ltr'>et</span> <span class='ocrx_word' id='word_1_312' title='bbox 1521 4564 1661 4669; x_wconf 78' lang='lat' dir='ltr'>suscepit</span> 
     </span>
     <span class='ocr_line' id='line_1_41' title="bbox 478 4670 1687 4773; baseline -0.004 -26"><span class='ocrx_word' id='word_1_313' title='bbox 478 4676 511 4747; x_wconf 90' lang='lat' dir='ltr'>ri</span> <span class='ocrx_word' id='word_1_314' title='bbox 531 4677 602 4765; x_wconf 92' lang='lat' dir='ltr'>tui,</span> <span class='ocrx_word' id='word_1_315' title='bbox 622 4690 661 4749; x_wconf 89' lang='lat' dir='ltr'>et</span> <span class='ocrx_word' id='word_1_316' title='bbox 677 4689 799 4748; x_wconf 87' lang='lat' dir='ltr'>turres</span> <span class='ocrx_word' id='word_1_317' title='bbox 814 4670 1021 4747; x_wconf 75' lang='lat' dir='ltr'>leresalem</span> <span class='ocrx_word' id='word_1_318' title='bbox 1038 4695 1137 4773; x_wconf 79' lang='lat' dir='ltr'>gem·</span> <span class='ocrx_word' id='word_1_319' title='bbox 1195 4673 1339 4749; x_wconf 85' lang='lat' dir='ltr'>audens</span> <span class='ocrx_word' id='word_1_320' title='bbox 1362 4675 1403 4748; x_wconf 91' lang='lat' dir='ltr'>in</span> <span class='ocrx_word' id='word_1_321' title='bbox 1426 4674 1580 4749; x_wconf 91' lang='lat' dir='ltr'>domum</span> <span class='ocrx_word' id='word_1_322' title='bbox 1600 4686 1687 4744; x_wconf 76' lang='lat' dir='ltr'>suam·</span> 
     </span>
     <span class='ocr_line' id='line_1_42' title="bbox 479 4698 1694 4856; baseline -0.006 -9"><span class='ocrx_word' id='word_1_323' title='bbox 479 4774 552 4848; x_wconf 87' lang='lat' dir='ltr'>mis</span> <span class='ocrx_word' id='word_1_324' title='bbox 567 4773 867 4847; x_wconf 79' lang='lat' dir='ltr'>aedificabentur.</span> <span class='ocrx_word' id='word_1_325' title='bbox 1118 4849 1120 4856; x_wconf 73' lang='grc'><strong>,</strong></span> <span class='ocrx_word' id='word_1_326' title='bbox 1170 4698 1231 4848; x_wconf 75' lang='lat' dir='ltr'>lie</span> <span class='ocrx_word' id='word_1_327' title='bbox 1248 4772 1337 4847; x_wconf 91' lang='lat' dir='ltr'>huic</span> <span class='ocrx_word' id='word_1_328' title='bbox 1366 4773 1499 4848; x_wconf 80' lang='lat' dir='ltr'>demui</span> <span class='ocrx_word' id='word_1_329' title='bbox 1510 4772 1631 4856; x_wconf 77' lang='lat' dir='ltr'>salusa</span> <span class='ocrx_word' id='word_1_330' title='bbox 1648 4764 1694 4835; x_wconf 68' lang='lat' dir='ltr'>[lt⁰</span> 
     </span>
     <span class='ocr_line' id='line_1_43' title="bbox 522 4867 1647 4971; baseline 0.004 -27"><span class='ocrx_word' id='word_1_331' title='bbox 522 4939 524 4944; x_wconf 83' lang='lat'><em>.</em></span> <span class='ocrx_word' id='word_1_332' title='bbox 577 4867 806 4962; x_wconf 76' lang='lat' dir='ltr'>Capitulum.</span> <span class='ocrx_word' id='word_1_333' title='bbox 827 4877 947 4971; x_wconf 86' lang='lat' dir='ltr'>Apoc.</span> <span class='ocrx_word' id='word_1_334' title='bbox 969 4874 1031 4944; x_wconf 76' lang='lat'>21.</span> <span class='ocrx_word' id='word_1_335' title='bbox 1170 4887 1232 4947; x_wconf 85' lang='lat' dir='ltr'>cta</span> <span class='ocrx_word' id='word_1_336' title='bbox 1253 4886 1327 4967; x_wconf 86' lang='lat' dir='ltr'>est,</span> <span class='ocrx_word' id='word_1_337' title='bbox 1355 4871 1507 4949; x_wconf 76' lang='lat' dir='ltr'>adeleia</span> <span class='ocrx_word' id='word_1_338' title='bbox 1640 4959 1647 4970; x_wconf 43' lang='grc'><strong>,</strong></span> 
     </span>
     <span class='ocr_line' id='line_1_44' title="bbox 562 4949 1742 5067; baseline -0.005 -24"><span class='ocrx_word' id='word_1_339' title='bbox 562 4996 609 5044; x_wconf 86' lang='lat' dir='ltr'>nu</span> <span class='ocrx_word' id='word_1_340' title='bbox 626 4971 818 5045; x_wconf 80' lang='lat' dir='ltr'>civitetem</span> <span class='ocrx_word' id='word_1_341' title='bbox 833 4983 1003 5043; x_wconf 87' lang='lat' dir='ltr'>sanctam</span> <span class='ocrx_word' id='word_1_342' title='bbox 1022 4969 1136 5043; x_wconf 80' lang='lat' dir='ltr'>Jerc&#39;r-</span> <span class='ocrx_word' id='word_1_343' title='bbox 1170 5013 1174 5020; x_wconf 94' lang='lat'>·</span> <span class='ocrx_word' id='word_1_344' title='bbox 1218 4973 1257 5042; x_wconf 89' lang='lat' dir='ltr'>ln</span> <span class='ocrx_word' id='word_1_345' title='bbox 1284 4973 1364 5067; x_wconf 88' lang='lat' dir='ltr'>ipso</span> <span class='ocrx_word' id='word_1_346' title='bbox 1391 4972 1451 5043; x_wconf 86' lang='lat' dir='ltr'>dir</span> <span class='ocrx_word' id='word_1_347' title='bbox 1483 4969 1600 5044; x_wconf 65' lang='lat' dir='ltr'>uento.</span> <span class='ocrx_word' id='word_1_348' title='bbox 1626 4949 1689 5032; x_wconf 64' lang='lat' dir='ltr'>hd.</span> <span class='ocrx_word' id='word_1_349' title='bbox 1740 5003 1742 5016; x_wconf 81' lang='lat'><em>=</em></span> 
     </span>
     <span class='ocr_line' id='line_1_45' title="bbox 479 4983 1742 5165; baseline -0.008 -20"><span class='ocrx_word' id='word_1_350' title='bbox 479 4983 561 5156; x_wconf 78' lang='lat' dir='ltr'>V</span> <span class='ocrx_word' id='word_1_351' title='bbox 590 5070 707 5144; x_wconf 87' lang='lat' dir='ltr'>salem</span> <span class='ocrx_word' id='word_1_352' title='bbox 732 5094 868 5144; x_wconf 89' lang='lat' dir='ltr'>novam</span> <span class='ocrx_word' id='word_1_353' title='bbox 900 5064 1137 5143; x_wconf 81' lang='lat' dir='ltr'>descenden-</span> <span class='ocrx_word' id='word_1_354' title='bbox 1170 5095 1234 5165; x_wconf 83' lang='lat' dir='ltr'>per</span> <span class='ocrx_word' id='word_1_355' title='bbox 1275 5073 1478 5158; x_wconf 74' lang='lat' dir='ltr'>Octavum,</span> <span class='ocrx_word' id='word_1_356' title='bbox 1510 5083 1545 5142; x_wconf 84' lang='lat' dir='ltr'>ct</span> <span class='ocrx_word' id='word_1_357' title='bbox 1571 5053 1676 5160; x_wconf 66' lang='lat' dir='ltr'>occul]l</span> <span class='ocrx_word' id='word_1_358' title='bbox 1738 5053 1742 5123; x_wconf 72' lang='lat'>1&#39;</span> 
     </span>
     <span class='ocr_line' id='line_1_46' title="bbox 479 5161 1742 5267; baseline -0.007 -26"><span class='ocrx_word' id='word_1_359' title='bbox 479 5180 555 5241; x_wconf 85' lang='lat' dir='ltr'>tem</span> <span class='ocrx_word' id='word_1_360' title='bbox 576 5167 625 5243; x_wconf 84' lang='lat' dir='ltr'>de</span> <span class='ocrx_word' id='word_1_361' title='bbox 648 5168 743 5243; x_wconf 88' lang='lat' dir='ltr'>coelo</span> <span class='ocrx_word' id='word_1_362' title='bbox 772 5194 797 5243; x_wconf 85' lang='lat' dir='ltr'>a</span> <span class='ocrx_word' id='word_1_363' title='bbox 825 5170 929 5259; x_wconf 85' lang='lat' dir='ltr'>Deo,</span> <span class='ocrx_word' id='word_1_364' title='bbox 963 5168 1132 5267; x_wconf 75' lang='lat' dir='ltr'>paretam</span> <span class='ocrx_word' id='word_1_365' title='bbox 1169 5169 1301 5242; x_wconf 82' lang='lat' dir='ltr'>riondo</span> <span class='ocrx_word' id='word_1_366' title='bbox 1331 5184 1389 5244; x_wconf 85' lang='lat' dir='ltr'>cst</span> <span class='ocrx_word' id='word_1_367' title='bbox 1409 5170 1541 5250; x_wconf 68' lang='lat' dir='ltr'>,urano</span> <span class='ocrx_word' id='word_1_368' title='bbox 1569 5161 1608 5236; x_wconf 80' lang='lat' dir='ltr'>ob</span> <span class='ocrx_word' id='word_1_369' title='bbox 1630 5171 1691 5244; x_wconf 61' lang='grc' dir='ltr'>Ν,</span> <span class='ocrx_word' id='word_1_370' title='bbox 1737 5180 1742 5260; x_wconf 70' lang='lat' dir='ltr'><strong>j</strong></span> 
     </span>
     <span class='ocr_line' id='line_1_47' title="bbox 478 5251 1742 5369; baseline -0.003 -29"><span class='ocrx_word' id='word_1_371' title='bbox 478 5267 575 5342; x_wconf 88' lang='lat' dir='ltr'>sicut</span> <span class='ocrx_word' id='word_1_372' title='bbox 586 5291 761 5369; x_wconf 83' lang='lat' dir='ltr'>sponsam</span> <span class='ocrx_word' id='word_1_373' title='bbox 775 5267 950 5342; x_wconf 78' lang='lat' dir='ltr'>ornetatu</span> <span class='ocrx_word' id='word_1_374' title='bbox 964 5267 1131 5346; x_wconf 81' lang='lat' dir='ltr'>virosuo.</span> <span class='ocrx_word' id='word_1_375' title='bbox 1168 5293 1250 5342; x_wconf 78' lang='lat' dir='ltr'>sum</span> <span class='ocrx_word' id='word_1_376' title='bbox 1283 5269 1415 5342; x_wconf 83' lang='lat' dir='ltr'>Dcdic.</span> <span class='ocrx_word' id='word_1_377' title='bbox 1446 5267 1580 5344; x_wconf 82' lang='lat' dir='ltr'>alterius</span> <span class='ocrx_word' id='word_1_378' title='bbox 1605 5251 1685 5336; x_wconf 50' lang='grc' dir='ltr'>Εἰ(</span> <span class='ocrx_word' id='word_1_379' title='bbox 1736 5271 1742 5321; x_wconf 80' lang='lat'><strong>¹</strong></span> 
     </span>
    </p>
   </div>
   <div class='ocr_carea' id='block_1_7' title="bbox 0 0 2265 6209">
    <p class='ocr_par' dir='ltr' id='par_1_7' title="bbox 0 0 2265 6209">
     <span class='ocr_line' id='line_1_48' title="bbox 0 0 2265 6209; baseline 0 0"><span class='ocrx_word' id='word_1_380' title='bbox 0 0 2265 6209; x_wconf 95' lang='lat' dir='ltr'> </span> 
     </span>
    </p>
   </div>
  </div>
 </body>
</html>
