4509 6209
452 684 500 753 54
849 680 951 748 feria
967 679 1073 750 tertia
1091 678 1140 749 ad
1166 678 1404 751 Matutiuunr.

453 839 608 907 meum,
643 816 824 916 qudniam
858 828 900 889 tu
939 814 1062 889 fecisti
1100 843 1108 887 :
1147 814 1408 890 Holociustum
1427 807 1790 914 etpropeccdtonon

452 915 617 989 *timore
643 942 666 990 a
692 941 754 991 me
770 916 899 1015 plagas
916 927 1011 989 tuas.
1146 914 1338 1015 postultisti
1371 943 1380 989 ε
1416 914 1543 989 *tunc
1577 908 1656 984 dixi
1679 907 1792 983 :thee

455 1016 481 1085 ,1
513 1014 738 1089 fortitr'rdine
780 1038 914 1086 manus
947 1027 1019 1088 tuoe
1044 1038 1113 1115 ego
1146 1014 1268 1087 vinis.

453 1113 576 1187 (lefrici
623 1114 662 1188 in
704 1111 1021 1211 increpatidnibus
1051 1140 1060 1185 ι
1099 1114 1115 1142 *
1153 1113 1339 1211 incipite
1368 1109 1453 1185 libri
1477 1110 1661 1209 scriptum
1685 1108 1792 1186 estdc

468 1225 609 1310 ›ropter
638 1214 874 1312 iniquititem
903 1212 1114 1312 corripuisti
1150 1237 1224 1299 me,
1243 1212 1460 1286 utfdccrem
1475 1209 1671 1285 volunttrc
1685 1222 1790 1285 tuam:

467 1311 661 1385 uiminem.
1150 1313 1165 1341 *
1189 1314 1288 1385 Deus
1320 1332 1448 1402 meus,
1466 1307 1593 1399 vilui,
1612 1320 1658 1383 ct
1685 1309 1790 1411 legem

458 1414 506 1483 tlt
535 1409 725 1485 tabdsccre
749 1409 896 1503 fecisti,
916 1412 1014 1486 sicut
1041 1410 1119 1485 arai·
1152 1425 1256 1484 tuam
1276 1410 1315 1482 in
1333 1405 1457 1482 mcdio
1474 1406 1598 1481 cordis
1621 1408 1712 1482 mei.

455 1533 568 1581 neam
594 1510 761 1584 {mimam
795 1511 900 1609 ejus:
933 1512 949 1542 *
971 1512 1117 1585 verrim-
1153 1508 1377 1582 Annuntiiri
1401 1506 1587 1607 justitiam
1622 1521 1727 1581 tuam
1758 1506 1788 1579 in

456 1623 584 1681 tamen
601 1635 697 1683 rane
727 1609 974 1685 conturbitur
995 1610 1118 1684 omnis
1152 1608 1307 1682 ecclcsia
1331 1632 1500 1708 magna,
1536 1607 1551 1637 *
1586 1628 1676 1681 cccc
1707 1604 1789 1679 libia

456 1707 584 1779 homo.
1153 1733 1238 1780 mea
1254 1725 1334 1779 ιιοιι·
1348 1704 1555 1806 prohibebo
1576 1733 1585 1777 ε
1613 1706 1786 1790 Dimitte,

459 1806 600 1880 Fsrr'rudi
632 1806 841 1881 oratidnem
871 1833 1025 1901 meam,
1052 1806 1120 1883 Di»
1153 1821 1193 1879 tu
1211 1806 1324 1879 scisti.

457 1906 579 1997 minc,
599 1919 638 1979 et
650 1905 952 2006 deprecatidnem
970 1933 1116 1982 meam:
1154 1906 1338 1979 iustitiam
1359 1916 1462 1977 tuam
1479 1926 1556 1977 non
1574 1900 1748 1976 abscindi
1760 1902 1787 1975 in

460 2009 473 2031 '
514 2004 669 2079 ‘iuribus
720 2005 869 2107 prircipe
933 2008 1118 2109 lr'rcrymas
1154 2004 1266 2077 corde
1283 2028 1368 2077 meo
1389 2030 1397 2075 :
1422 2006 1438 2033 ¹
1454 2002 1652 2076 verititem
1680 2015 1786 2087 tuam,

459 2127 572 2177 meas.
1154 2118 1192 2177 et
1209 2103 1371 2178 salutire
1385 2115 1490 2175 tuum
1508 2100 1598 2175 dixi.

455 2206 513 2277 ,te
530 2203 662 2277 sileas:
683 2204 863 2302 qudniam
887 2204 1033 2279 tidrcna
1049 2231 1119 2307 ego
1155 2205 1235 2276 Non
1284 2199 1461 2275 abscindi
1512 2197 1786 2274 misericdrdiam

460 2327 543 2374 sum
565 2302 666 2401 apud
684 2317 742 2394 tc,
766 2318 805 2376 et
825 2304 1071 2419 peregrinus,
1104 2306 1118 2336 *
1156 2316 1258 2375 tuum
1292 2315 1331 2375 ct
1370 2299 1565 2374 rerittitcm
1596 2312 1703 2373 tuam
1735 2301 1788 2369 *r

460 2401 556 2474 sicut
573 2426 704 2475 ornnes
721 2416 845 2499 patrcs
863 2428 951 2476 mer.
1154 2400 1311 2474 concilio
1336 2398 1470 2473 multo.

464 2501 625 2574 Remitte
661 2501 785 2591 mihi,
828 2516 872 2575 ut
922 2502 1122 2603 refrigerer
1156 2503 1368 2588 Tuautem‚
1394 2496 1583 2587 Drimine,
1618 2519 1667 2570 ne
1692 2494 1788 2595 longe

462 2599 678 2697 pririsquam
696 2600 851 2692 tiberim,
872 2602 886 2631 *
907 2616 946 2677 ct
962 2603 1121 2702 simplius
1153 2599 1271 2673 ficias
1300 2596 1556 2672 miseratidnes
1574 2608 1659 2669 tuas
1673 2618 1697 2667 ιι
1715 2618 1787 2667 mc:

465 2721 540 2769 ιιοιι
567 2725 643 2771 cro.
1155 2696 1443 2771 *misericrirdia
1458 2711 1523 2769 tua
1540 2707 1579 2767 et
1594 2694 1729 2768 viritas
1743 2706 1788 2767 tur

666 2798 829 2871 l‘srrlrnus
846 2804 906 2871 39.
1154 2822 1302 2895 semper
1323 2795 1660 2966 suscepe'rurrlzlme.
1776 2830 1780 2867 ;

530 2920 700 2968 xrrcrsrts
758 2920 803 2970 ex
876 2897 948 2971 uiri
994 2899 1120 2973 dei·
1189 2898 1343 2969 uriniam
1383 2895 1524 2967 circum
1601 2891 1713 2965 simut
1745 2912 1789 2963 me

466 2910 533 3075 Ε
545 3018 636 3066 num
655 3051 663 3080 ‚
681 2998 696 3023 *
713 3009 751 3069 ct
767 2922 929 3071 inidddir
946 2997 1051 3071 mihi.
1157 2899 1278 3086 data,
1311 3018 1472 3093 quorum
1500 3016 1577 3064 non
1596 3003 1654 3063 est
1676 2989 1790 3062 mime-

466 3096 511 3167 tlt
527 3094 717 3168 exaudivit
732 3120 861 3192 preces
879 3121 980 3170 meas
1009 3125 1017 3169 :
1044 3100 1060 3126 *
1082 3112 1117 3171 et
1156 3120 1218 3167 rus
1256 3122 1264 3166 :
1301 3096 1315 3124 *
1350 3089 1717 3190 comprehenddmnt
1745 3108 1789 3161 me

463 3191 593 3265 cdrixit
617 3193 742 3267 mede
766 3193 849 3268 lacu
873 3197 1057 3287 miseric,
1084 3211 1122 3270 et
1156 3193 1368 3291 iniquititcs
1393 3216 1505 3282 mcae,
1535 3203 1574 3264 et
1600 3210 1678 3261 non
1707 3184 1790 3287 pitui

464 3291 512 3363 de
537 3291 616 3364 luto
641 3292 754 3365 saccis.
1156 3303 1198 3365 ut
1229 3288 1408 3364 ride'rcrn.

467 3394 511 3463 tit
535 3390 666 3464 stituit
693 3416 806 3490 super
822 3407 967 3490 petram
996 3392 1121 3492 'pedes
1160 3391 1410 3488 ilultiplicr'rtzc
1436 3401 1524 3462 sunt
1559 3409 1671 3484 super
1700 3382 1789 3483 capi·

465 3514 587 3563 meos:
608 3492 622 3519 *
640 3504 680 3564 ct
695 3490 986 3591 ‹lircxitgressus
1003 3519 1117 3566 ineos.
1155 3489 1210 3562 los
1230 3490 1361 3587 eripitis
1379 3488 1453 3562 mei
1474 3516 1483 3560 ι
1503 3487 1519 3517 *
1544 3499 1583 3559 et
1602 3506 1790 3559 cormeum

468 3594 511 3662 tit
528 3587 684 3662 immisit
708 3591 746 3662 in
773 3616 814 3663 os
844 3617 970 3664 meum
1006 3594 1120 3666 cinti·
1156 3588 1355 3686 dereliquit
1376 3613 1449 3661 me.

466 3711 553 3759 curn
569 3691 699 3779 norst*
714 3714 866 3763 carmen
881 3693 960 3764 Deo
977 3706 1117 3764 nostro.
1159 3688 1394 3786 (crispiaiccat
1424 3685 1490 3759 tibi
1507 3740 1516 3774 ,
1549 3682 1711 3757 deine
1728 3738 1737 3771 ‚
1762 3691 1792 3751 ut

471 3783 658 3859 tiddburrt
680 3789 815 3875 multi,
847 3803 886 3862 ct
902 3789 1119 3865 timdbunt:
1157 3787 1266 3860 cruas
1289 3811 1349 3859 me
1377 3788 1421 3858 :*
1456 3782 1647 3874 deine,
1671 3779 1720 3854 ad
1747 3776 1793 3853 ad·

468 3884 483 3909 *
503 3896 542 3956 et
566 3884 771 3982 spcribunt
797 3887 837 3959 in
862 3888 1036 3962 deino.
1151 3885 1361 3984 jussindum
1388 3909 1448 3957 me
1468 3881 1622 3980 rtspice.

472 3981 603 4055 {teitus
632 3984 713 4073 vir,
754 3985 859 4083 cujus
888 4000 944 4060 cst
984 4012 1121 4062 nomen
1160 3984 1448 4057 tlonfrrnddntur
1490 3995 1529 4055 et
1575 3978 1797 4053 rcrercintur

468 4080 619 4153 deini
636 4106 719 4181 spes
739 4084 844 4180 ejus:
875 4088 890 4113 *
908 4099 947 4158 et
970 4109 1046 4158 non
1069 4114 1123 4160 rc·
1157 4084 1298 4173 simul,
1332 4084 1397 4182 qui
1431 4093 1605 4181 quaerunt
1647 4078 1797 4153 dnimam

468 4180 588 4277 spdxit
617 4180 657 4253 in
682 4182 865 4257 vanitites
894 4198 933 4258 et
961 4185 1123 4259 insdnias
1157 4208 1281 4255 meam
1302 4240 1311 4272 ,
1332 4183 1408 4255 *ut
1432 4182 1609 4254 {inierant
1631 4202 1728 4251 enm.

467 4279 593 4354 falsas.
1160 4282 1431 4355 (hnrertrintur
1448 4279 1651 4353 rctrrirsum
1674 4334 1683 4365 ‚
1704 4290 1740 4351 et
1762 4298 1801 4347 rc
1826 4288 1828 4325 *

476 4379 585 4453 ttulta
597 4378 717 4452 fecisti
738 4393 803 4471 tn,
823 4380 982 4456 Diminc
999 4441 1007 4471 ,
1024 4385 1123 4457 Deus
1156 4382 1358 4454 s'rrcaintur
1380 4408 1388 4452 ε
1416 4382 1431 4410 *
1466 4379 1529 4478 qui
1562 4377 1699 4450 solunt
1723 4372 1802 4449 mihi

468 4498 590 4563 meus,
618 4477 806 4552 mirabilia
822 4493 886 4552 tua
906 4508 914 4552 :
934 4482 949 4511 *
973 4484 1121 4581 etcogi-
1157 4481 1268 4552 mala.

468 4574 670 4647 tatidnibus
696 4578 768 4650 tuis
797 4603 874 4652 non
900 4582 1043 4680 estqui
1077 4583 1122 4655 si·
1159 4584 1290 4653 Ferant
1324 4576 1522 4652 conidstirn
1550 4574 1802 4649 coniusidnem

469 4671 569 4743 milis
585 4674 635 4747 sit
655 4674 735 4747 tibi.
1156 4703 1276 4759 suam,
1296 4680 1311 4707 *
1329 4678 1393 4776 qui
1412 4675 1543 4749 dicunt
1555 4672 1650 4748 milri
1673 4674 1802 4774 :Eugc

473 4772 725 4862 Annuntiriri,
766 4788 805 4848 ct
833 4775 978 4850 locritus
1006 4802 1120 4870 sum3
1156 4802 1262 4875 euge.

469 4870 484 4895 '
506 4868 742 4967 muttiptictti
762 4889 851 4949 sunt
866 4902 978 4976 super
994 4879 1122 4952 nrime·
1160 4877 1332 4948 Fsriltent
1358 4888 1397 4947 et
1420 4871 1594 4946 laettntur
1635 4896 1751 4971 super
1779 4884 1809 4945 tr

467 4988 566 5039 rum·
1157 4999 1287 5047 omncs
1304 4974 1510 5072 quaertintcs
1528 4985 1565 5044 te
1582 4998 1592 5043 ε
1608 4972 1623 5000 *
1637 4986 1679 5045 et
1691 4972 1812 5047 dicant

470 5063 704 5141 sacrificium
732 5081 771 5142 ct
798 5068 1029 5149 oblatidnem
1057 5099 1122 5149 no·
1157 5070 1810 5171 scmprr:Mas;nis1ce'trerriminus:

467 5161 567 5277 luisti
588 5190 598 5234 ι
617 5164 759 5239 'autcs
780 5182 907 5245 autem
936 5174 1122 5272 perfecisti
1157 5174 1221 5269 qui
1238 5170 1573 5271 diliguntsalutirrc
1594 5183 1720 5243 tuum.

467 5258 577 5339 tmbi.
1161 5275 1237 5371 Ego
1259 5285 1385 5345 autem
1412 5267 1607 5343 mendicus
1644 5294 1754 5361 sum,
1782 5282 1828 5343 et
