4509 6209
465 676 537 748 302
841 670 905 739 llic
931 667 1027 759 xviij.
1052 668 1148 761 llaji
1171 670 1206 737 S.
1228 671 1417 743 lserrantii.

703 809 828 879 lectio
857 834 889 877 r.
1148 805 1307 880 rele'rret
1332 805 1592 907 Porphyrius,
1613 806 1792 907 se'perri·

541 905 939 984 ernuntiusPraesidi
957 903 1109 994 sistitur,
1128 930 1229 978 sum
1256 919 1370 979 noctu
1405 905 1568 1006 pupulos
1587 963 1597 996 ,
1619 931 1713 1005 quus
1729 908 1793 981 Vc-

469 1027 494 1084 Λ
567 1023 605 1083 et
634 1007 682 1080 ab
719 1033 776 1094 eo,
798 1005 935 1078 iterum
970 1004 1113 1076 frustra
1146 1005 1296 1078 nuntius
1316 1029 1415 1103 aqua
1446 1005 1646 1106 tingubat,
1682 1006 1793 1080 claris

466 1109 628 1182 tentutus
649 1165 657 1198 ,
679 1119 721 1178 ut
746 1104 882 1177 Christi
907 1102 1022 1175 fidem
1044 1101 1111 1174 de·
1145 1104 1240 1176 sima
1256 1103 1339 1177 luce
1356 1097 1562 1205 fulguntes,
1580 1105 1708 1203 ipsum
1719 1131 1793 1179 reru

463 1209 626 1295 se'reret,
666 1206 707 1277 in
737 1205 927 1277 crircerem
955 1201 1112 1299 conjici·
1127 1182 1132 1225 ¹
1146 1202 1343 1276 Praesidem
1362 1202 1634 1278 obscurissima
1647 1204 1793 1305 caligine

464 1320 526 1380 tur
547 1334 554 1377 :
581 1331 657 1404 quo
685 1303 829 1375 Attalus
853 1305 977 1375 Praeco
996 1301 1113 1372 mitti·
1126 1235 1132 1401 Ι
1145 1302 1318 1400 opurtum
1335 1301 1471 1376 vidisse
1492 1360 1501 1388 ,
1520 1304 1667 1376 Prmes
1683 1304 1739 1376 ira
1751 1305 1793 1377 in

464 1419 551 1489 tur,
583 1404 646 1502 qui
672 1404 705 1475 ei
730 1402 859 1487 dicat,
889 1425 928 1474 se
960 1424 1110 1498 quoque
1126 1404 1131 1547 ἰ
1146 1401 1302 1491 cunsus,
1323 1426 1411 1474 eum
1428 1402 1529 1475 illico
1548 1402 1597 1476 cu
1623 1402 1677 1474 ite
1697 1402 1791 1517 plecti

464 1503 717 1577 Christiunum
742 1500 886 1589 luisse,
918 1501 1018 1573 etei
1048 1498 1306 1609 nti-,imperat
1342 1527 1351 1572 ε
1388 1499 1527 1574 deinde
1608 1502 1791 1575 enuntrun

462 1604 556 1675 mini
600 1598 800 1700 propturea
844 1594 1078 1671 renuntiusse
1099 1655 1107 1687 ,
1126 1612 1212 1695 tper
1249 1599 1331 1673 loca
1370 1598 1550 1698 rupribus
1591 1613 1631 1673 et
1657 1599 1791 1676 curdnis

464 1700 567 1799 quod
597 1699 858 1800 cognovisset,
889 1698 999 1770 inune
1032 1682 1287 1770 esselcunsita
1310 1697 1408 1771 trahi
1438 1722 1560 1812 usque
1592 1697 1644 1771 ad
1674 1700 1790 1799 ve'spe·

466 1800 555 1873 lidei
582 1799 869 1888 cunununtum,
896 1821 970 1895 quo
1002 1793 1110 1867 Chri·
1145 1819 1240 1868 rarn.
1261 1799 1294 1870 ls
1321 1821 1410 1869 curn
1438 1797 1680 1871 semiunimis
1713 1800 1788 1873 neli-

463 1900 574 1973 stiuni
603 1895 845 1996 praesuntibus
869 1919 908 1968 se
932 1892 1225 1998 ubdicant,ctus
1271 1908 1393 1982 esset,
1438 1920 1555 1970 mane
1589 1921 1632 1970 se
1667 1898 1787 1972 lterum

463 1999 513 2071 oh
551 2022 689 2070 ranam
732 1993 948 2067 lutururum
988 2018 1104 2066 sem.
1124 1994 1787 2095 tPraesidipraesentuvit,cujusjussu

463 2100 602 2171 lerum
633 2095 766 2168 nubilis
794 2092 929 2166 Christi
965 2019 1109 2166 atliluta
1142 2094 1269 2166 statim
1284 2119 1304 2167 e
1322 2119 1415 2193 rupe
1429 2095 1694 2194 praecipiuitur
1710 2124 1719 2167 ε
1734 2096 1786 2170 sed

463 2195 589 2270 cullidi
622 2194 737 2268 hostis
769 2191 922 2266 insidias
950 2215 1026 2263 non
1052 2193 1109 2292 ig·
1143 2190 1231 2265 inde
1261 2192 1375 2266 e'tiam
1408 2193 1592 2268 divinitus
1619 2194 1783 2295 eruptus,

464 2294 627 2380 nurans,
671 2292 811 2366 diubuli
847 2291 1110 2364 ministruma
1143 2289 1267 2363 de'nuo
1285 2315 1353 2390 per
1369 2292 1452 2365 loca
1469 2289 1606 2392 uspera
1625 2292 1677 2366 ad
1700 2295 1785 2368 mille

463 2420 500 2467 se
527 2393 675 2492 pe'nitus
709 2391 851 2489 rejucit.
897 2391 1020 2483 Quare
1060 2389 1108 2462 ad
1144 2414 1272 2487 passus
1303 2390 1465 2464 truhitur
1491 2420 1500 2465 :
1523 2391 1591 2466 ubi
1620 2392 1783 2467 militibus

460 2492 659 2566 Praesidem
683 2491 820 2564 iterum
849 2489 1013 2563 adducto
1031 2513 1104 2560 orn·
1143 2489 1202 2561 siti
1243 2489 1518 2582 aestuantibus,
1552 2493 1594 2565 in
1630 2492 1783 2591 prusina

462 2617 528 2665 nes
543 2591 687 2665 contusi
703 2603 791 2662 sunt
803 2588 957 2678 dentes,
979 2587 1109 2660 maxil·
1143 2582 1333 2675 conseille,
1354 2613 1400 2661 ex
1416 2588 1569 2688 lupide,
1597 2592 1639 2665 in
1667 2605 1780 2692 quoet

463 2692 581 2789 laeque
628 2690 864 2776 somnusue,
901 2702 1014 2786 atque
1057 2688 1109 2760 ita
1142 2686 1492 2784 gunnumformam
1511 2689 1686 2789 reliquit,
1705 2692 1780 2765 sicut

463 2814 578 2863 caesus
605 2790 645 2860 in
681 2786 956 2886 sterquilinium
982 2786 1108 2884 dejici·
1142 2785 1255 2858 e'tiam
1275 2787 1433 2860 nuncin
1451 2788 1532 2885 ejus
1558 2786 1778 2864 Eccle'siuu·

467 2903 540 2961 tur.
560 2887 631 2961 Sed
663 2886 751 2960 inde
777 2885 825 2959 ub
844 2884 987 2986 Angelo
1014 2911 1109 2983 quo·
1142 2878 1232 2957 de'rc
1251 2885 1367 2975 licet,
1396 2887 1526 2959 Crucis
1547 2889 1659 2989 signu
1679 2913 1699 2962 a
1719 2888 1775 2963 l'e·

462 3013 535 3086 qne
554 2986 731 3085 eruptus,
758 3009 884 3057 rursus
905 2985 1108 3058 stetitante
1142 2984 1272 3056 nuntio
1298 2986 1426 3074 facto,
1452 3009 1562 3084 aquae
1581 2989 1770 3061 manumnt

460 3089 655 3187 judicem,
689 3085 779 3183 qui,
824 3083 1011 3158 Venuntio
1045 3082 1109 3156 ad·
1142 3083 1197 3154 Eo
1227 3083 1409 3156 miruculo
1444 3084 1575 3183 plures
1613 3086 1767 3186 permiti.

462 3189 536 3260 huc
561 3182 767 3283 loquente,
797 3209 816 3256 e
842 3181 1018 3255 tribunuli
1044 3183 1110 3254 cu·
1144 3181 1181 3252 in
1201 3181 1388 3254 Christum
1418 3183 1767 3283 credidurunt:quos

461 3287 577 3374 cidit,
603 3286 697 3358 etin
716 3309 759 3355 ca
786 3307 877 3354 voce
894 3339 902 3368 ,
920 3283 1038 3354 Verus
1053 3295 1109 3354 est
1143 3305 1272 3353 ornnes
1289 3283 1427 3354 Praeses
1447 3308 1492 3355 cu
1524 3284 1597 3357 loci
1619 3310 1689 3358 unu
1704 3310 1763 3356 cun

459 3385 637 3459 Venuntii
670 3386 793 3470 Deus,
831 3395 977 3453 nostros
1019 3379 1109 3452 deos
1143 3379 1329 3452 Venuntio
1365 3382 1489 3478 cupite
1531 3384 1638 3456 feriri
1669 3383 1759 3481 jussit

460 3485 656 3569 destruite,
678 3481 892 3554 exclumans
911 3480 1105 3577 expirririt.
1143 3478 1305 3578 Fulgura
1323 3493 1360 3552 et
1378 3483 1615 3555 terrueruutus
1636 3507 1677 3555 eo
1693 3481 1760 3554 te'ur

469 3590 505 3647 s*-
525 3582 761 3656 Desidurium
785 3579 918 3651 unimae
945 3580 1023 3676 ejus
1043 3579 1110 3650 tri·
1144 3603 1233 3675 pore
1249 3579 1302 3651 ita
1331 3581 1458 3678 magni
1485 3580 1621 3671 luure,
1641 3596 1680 3655 ut
1694 3583 1756 3652 Pru·

458 3683 569 3757 buisti
585 3683 618 3754 ei
636 3738 643 3768 ,
664 3679 824 3753 Dumine
847 3705 854 3749 :
882 3678 965 3750 *Et
981 3677 1110 3750 volun·
1144 3701 1201 3748 ses
1228 3678 1458 3777 aufugeret:
1492 3680 1558 3777 qui
1587 3680 1703 3779 paucis
1723 3692 1756 3749 tr·

461 3785 536 3857 tute
570 3779 754 3853 labiurnrn
787 3778 865 3874 ejus
896 3801 973 3849 non
1007 3777 1111 3848 fran-
1144 3800 1231 3847 rnen
1252 3789 1334 3874 post
1350 3776 1496 3866 ditibus,
1513 3777 1676 3853 divinam
1688 3773 1753 3850 haul

460 3882 555 3954 (lusti
583 3904 683 3951 curn.
712 3876 748 3952 u.
762 3875 949 3970 Quuniam
967 3900 1109 3974 praere·
1144 3873 1272 3947 valens
1294 3875 1460 3975 effugere
1478 3877 1684 3973 justitiam.
1707 3890 1751 3948 tur·

457 3979 543 4052 nisti
573 4002 659 4050 eum
705 3978 744 4048 in
788 3972 1110 4048 benedictiunibns
1145 3973 1337 4069 pissimum
1405 3989 1572 4048 mortem
1623 3975 1747 4076 oppe'tiit

458 4077 668 4151 dulcudinis
704 4104 711 4146 :
740 4075 891 4172 pusuisti
921 4074 960 4145 in
987 4073 1110 4170 cupite
1144 4071 1345 4145 Christiuni
1371 4072 1526 4145 interim
1552 4075 1745 4149 Venuntiiet

459 4181 537 4274 ejus
567 4175 747 4249 corunam
778 4172 825 4244 de
862 4171 986 4269 lupide
1020 4195 1110 4270 pre·
1145 4170 1745 4268 aliurumcurporahonorlhurluu

465 4279 569 4350 tiuso.
601 4275 661 4346 Et.
1144 4270 1397 4367 sepelie'runt,
1424 4296 1508 4368 quae
1541 4264 1742 4347 Cameriuii!

693 4369 820 4440 Lectio
838 4369 886 4461 vj.
1145 4368 1309 4440 Ecclesia
1335 4368 1524 4445 Venuntio
1543 4372 1681 4463 dictita,
1695 4365 1742 4442 ult·

549 4497 605 4545 ¹ou
622 4495 709 4542 curn
728 4466 876 4541 Praesidi
893 4465 1108 4538 nuntiutum
1144 4466 1222 4539 dita
1248 4466 1372 4539 adhuc
1389 4482 1491 4542 sunt.

554 4583 662 4651 esset,
674 4567 862 4664 exte'rnplo
880 4564 1108 4638 Venuntium
1149 4580 1185 4663 rt.
1198 4567 1300 4639 Stola
1311 4566 1562 4664 jucunditutis
1575 4568 1740 4642 intuitu·

549 4667 718 4742 leunibus
752 4665 860 4763 ubjici
884 4665 1019 4761 jussit:
1043 4664 1106 4760 qui
1141 4665 1353 4737 Duminus:
1380 4668 1474 4740 *Et
1508 4656 1741 4762 corunamptl·

457 4767 620 4841 naturuli
660 4767 811 4838 feritute
854 4763 1023 4851 omissa,
1059 4761 1106 4833 ad
1141 4762 1365 4836 chritudinis
1387 4763 1512 4863 pusuit
1549 4764 1741 4866 superum

456 4868 537 4964 ejus
552 4890 590 4939 se
618 4864 731 4960 pedes
760 4862 978 4960 ubjecurnnt
1009 4889 1016 4932 :
1047 4861 1107 4931 in·
1141 4863 1233 4960 ejus.
1261 4867 1299 4941 i.
1322 4862 1591 4939 Cibuvitillum
1612 4862 1739 4939 hunum
1789 4872 1798 4919 '⁴

458 4965 567 5039 terim
594 4962 656 5035 ille
684 4962 865 5063 pupulum
892 4959 1028 5032 Christi
1057 4960 1104 5032 sr-
1140 4986 1237 5059 pane
1250 4962 1334 5035 vitae
1351 4976 1389 5035 et
1402 4963 1623 5056 intelluctns,
1640 4970 1741 5056 ctu*

455 5062 543 5137 dem
560 5058 984 5155 edocubat.Qnareinde
1001 5060 1102 5132 amu·
1137 5061 1328 5159 sapiuntiae
1359 5061 1536 5137 saluturis
1574 5048 1741 5165 potiritl·

455 5174 537 5251 tus,
572 5160 709 5233 lterum
737 5161 778 5233 in
807 5160 997 5233 curcerem
1020 5159 1101 5231 tru-
1134 5157 1498 5234 lum.Etcorunam.
1533 5160 1737 5235 utuntur·
1793 5162 1798 5199 '³

454 5258 742 5359 «truncumque
759 5258 936 5357 postridie
950 5256 1101 5332 Praesidi
1136 5257 1182 5333 Et
1207 5258 1400 5333 corunam.
