4509 6209
566 690 670 762 infra
697 690 817 764 Hebd.
847 692 1007 790 primam
1037 707 1120 791 post
1148 692 1229 763 Oct.
1257 691 1505 762 Pentecosies.
1639 691 1703 762 ttt

447 832 469 893 d
496 842 582 895 eam
612 822 654 896 in
682 820 865 916 lebetem,
889 824 950 899 vel
977 825 1016 898 in
1051 824 1139 922 quia
1157 817 1401 898 retraheiiant
1422 820 1594 900 hdmines
1616 848 1711 900 asa·

450 911 586 1012 iriam,
612 935 681 997 aut
704 923 746 995 in
774 923 904 1017 ollam,
940 923 1017 999 sive
1049 922 1195 997 orificio
1224 924 1386 996 deini.

448 1012 616 1093 a'cabum
651 1048 660 1094 :
695 1035 735 1096 et
764 1047 879 1096 omne
914 1023 1016 1121 quod
1054 1041 1093 1127 ιι).
1124 1020 1320 1095 Exaudisti
1337 1022 1581 1115 deine‚ut
1605 1026 1705 1099 inim

448 1116 510 1192 bat
540 1117 732 1195 fuscinula
765 1116 922 1197 tolle'bat
954 1147 1018 1196 sa·
1054 1131 1092 1201 in
1124 1128 1232 1202 feria
1258 1125 1297 1223 ij.
1323 1124 1449 1196 Dnicae
1471 1124 1524 1221 iij.
1553 1126 1704 1200 Pentec.

449 1242 491 1290 os
517 1216 602 1292 sibi.
631 1219 694 1295 Sic
721 1221 916 1298 faciebant
939 1222 1018 1295 uni·
1051 1293 1055 1300 ,
1277 1223 1403 1334 Lectiy
1434 1223 1487 1320 iij.

448 1314 612 1391 clarae'li
624 1318 857 1396 venidntium
869 1322 911 1396 in
923 1321 1012 1396 Silo.
1122 1341 1269 1396 inunt
1304 1329 1433 1394 autem
1471 1315 1709 1395 ministrabat

448 1412 587 1510 eccdvi,
607 1434 651 1495 ut
667 1422 767 1497 infra
783 1426 821 1498 in
841 1425 893 1523 iij.
910 1422 1018 1498 Noct.
1133 1434 1220 1494 ante
1243 1418 1380 1491 ficiem
1413 1414 1583 1507 deini,
1616 1444 1710 1518 puer

448 1542 488 1591 :ae
506 1519 560 1617 iij.
584 1520 733 1597 Pentec.
1050 1520 1240 1593 accinctus
1264 1515 1390 1615 ephod
1422 1514 1534 1589 lineo.
1563 1519 1612 1591 Et
1644 1521 1709 1592 m-

592 1620 719 1696 Lectio
744 1623 782 1720 ij.
1049 1620 1175 1693 nicam
1203 1640 1358 1717 parvam
1384 1613 1548 1689 facie'bat
1569 1616 1602 1690 ei
1629 1642 1707 1692 ma·

449 1737 543 1786 *inii
579 1710 782 1815 aintequam
822 1715 1019 1793 adolerent
1051 1730 1109 1791 ter
1137 1744 1223 1806 sua,
1262 1739 1377 1815 quam
1414 1712 1596 1789 afferebat
1628 1730 1708 1790 sta-

450 1807 622 1914 adipem,
648 1816 822 1892 veniebat
843 1843 937 1917 puer
963 1843 1018 1891 sa·
1051 1815 1141 1891 tntis
1175 1814 1332 1903 diebus,
1374 1813 1580 1888 ascdndens
1619 1839 1707 1889 cum

449 1914 536 2002 dtis,
554 1928 594 1989 et
607 1913 759 1990 dicebat
775 1912 988 1992 immoldnti
1006 1946 1015 1991 ι
1049 1917 1130 1990 viro
1148 1942 1234 2004 suo,
1255 1928 1298 1987 ut
1313 1910 1529 1988 immoliret
1545 1911 1708 1988 hdstiam

449 2012 540 2086 mihi
570 2037 744 2106 carnem,
781 2030 825 2090 ut
856 2039 1016 2116 coquam
1049 2012 1271 2089 solemnem.
1308 2014 1357 2085 Et
1392 2010 1585 2086 benedixit
1623 2014 1706 2087 Heli

449 2110 543 2186 nddti
568 2141 576 2184 :
601 2133 678 2187 non
705 2114 808 2188 enim
834 2115 1016 2215 accipiam
1048 2115 1198 2189 Elcanae
1233 2126 1272 2187 et
1299 2108 1405 2183 unni
1435 2110 1514 2208 ejus
1548 2140 1555 2183 :
1589 2110 1707 2188 dixit-

465 2235 623 2286 carnem
651 2226 813 2305 coctam,
842 2214 908 2289 sed
938 2240 1018 2289 cm·
1049 2239 1123 2314 que
1152 2216 1185 2288 ei
1215 2242 1223 2286 :
1254 2209 1403 2285 Reddat
1432 2208 1500 2283 tibi
1524 2212 1708 2286 deinus

452 2364 460 2381 .
505 2305 738 2411 Dicebatque
777 2313 831 2387 itti
873 2315 1017 2389 immo-
1048 2338 1176 2389 semen
1219 2310 1267 2385 de
1302 2308 1458 2383 muliere
1497 2308 1594 2400 hac,
1684 2340 1706 2385 ο

469 2434 479 2478 :
517 2409 747 2487 incenditur
768 2415 935 2513 primum
955 2413 1015 2512 ju·
1048 2414 1191 2514 ¹foenore
1223 2408 1326 2510 quod
1352 2406 1602 2483 commodasti
1627 2337 1706 2483 dd-

450 2532 584 2582 nonem
598 2509 713 2586 hddie
726 2510 856 2613 adeps,
876 2524 915 2588 et
925 2514 1015 2590 tolle
1048 2514 1165 2587 mino.
1208 2513 1257 2584 Et
1296 2500 1471 2582 abie'runt
1505 2509 1545 2581 in
1579 2507 1705 2583 locum

450 2611 799 2711 quantumcquue
826 2611 1016 2689 desiderat
1046 2638 1170 2686 suum.
1199 2604 1373 2686 Visitivit
1401 2631 1492 2720 ergo
1521 2607 1704 2683 deinus

450 2730 481 2779 ia
497 2721 575 2781 tua.
605 2709 677 2804 Qui
697 2710 923 2810 respdndens
940 2715 1013 2789 aie'·
1045 2710 1214 2801 Annam,
1243 2722 1282 2782 et
1310 2706 1501 2804 concepit,
1530 2720 1569 2780 et
1594 2708 1704 2807 pepe·

457 2806 490 2879 ei
534 2836 543 2880 ε
581 2810 615 2882 Ν
665 2805 829 2910 utiquam
868 2840 877 2886 ε
909 2838 1012 2888 nunc
1046 2811 1096 2886 rit
1125 2825 1201 2885 tres
1228 2807 1347 2898 filios,
1378 2819 1416 2880 et
1441 2804 1533 2878 duas
1561 2807 1662 2880 filias
1692 2837 1700 2881 :

451 2903 604 2997 dabis,
661 2907 791 3009 idquin
809 2910 940 2987 tollam
956 2913 1006 2985 vi.
1044 2924 1082 2984 et
1116 2900 1380 3010 magnificdtus
1413 2918 1470 2978 cst
1504 2929 1599 3003 puer
1632 2904 1704 2978 sai-

465 3028 559 3105 ergo
584 3003 781 3106 peccdtnm
807 3009 1009 3109 puen‘num
1044 3010 1147 3083 muel
1174 3006 1274 3106 apud
1303 3004 1522 3077 Diminum.

450 3102 492 3176 de
522 3107 635 3180 nimis
661 3133 787 3182 coram
816 3111 974 3183 deino
997 3108 1086 3214 ιΙις,
1123 3108 1220 3184 Audi
1244 3105 1416 3180 deine.
