4509 6209
465 684 511 753 52
860 672 962 746 Fer-ia
983 670 1146 747 secunda
1165 671 1212 742 nd
1236 671 1394 743 Laudes.

452 808 616 881 dentem
633 805 818 908 gubernet
830 818 869 879 et
885 821 991 907 regat
1011 836 1019 880 :
1145 802 1559 903 induinturjustitium.
1577 818 1618 901 st.
1641 808 1692 881 Et
1717 830 1791 883 sen·

452 907 616 1005 Sitpura
636 905 934 980 nobiscdstitns:
1145 905 1194 977 cti
1231 904 1287 978 tui
1328 905 1507 979 exdltent.
1547 904 1586 981 i.
1614 905 1790 995 deine,

452 1006 560 1079 Fides
580 1006 703 1079 ealdre
727 1005 873 1079 fenest
900 1032 909 1075 :
1145 1004 1287 1075 salvum
1300 1003 1363 1077 fac
1379 1004 1578 1105 Regemntt
1597 1006 1648 1079 Et
1665 1006 1792 1079 exdudi

453 1104 609 1177 Fraudis
629 1104 773 1178 venena
791 1103 943 1177 nesciat.
1145 1125 1213 1175 nos
1228 1102 1268 1174 in
1285 1101 1346 1177 die
1367 1159 1375 1192 ‚
1411 1128 1486 1202 qua
1504 1104 1795 1179 invocaverimus

454 1203 698 1301 thrisutsque
715 1202 822 1277 nobis
838 1202 887 1275 sit
902 1201 1008 1275 cibus
1023 1257 1033 1291 ,
1146 1201 1234 1275 ted.
1247 1201 1398 1273 deum
1408 1203 1663 1375 facpffulum
1678 1216 1792 1291 tuum,

456 1303 645 1400 Pottisque
662 1315 788 1375 noster
804 1301 851 1375 sit
867 1300 991 1374 fides:
1146 1299 1332 1387 Dimine,
1356 1314 1396 1375 et
1418 1300 1491 1375 ben
1541 1326 1576 1375 ic
1600 1301 1792 1378 hereditate

455 1402 545 1474 Laeti
568 1400 741 1474 bibimus
757 1399 922 1473 sdbriam
1148 1412 1232 1472 tuae.
1251 1409 1289 1470 tt.
1311 1400 1360 1473 Et
1377 1425 1462 1500 rege
1485 1425 1572 1491 eos,
1599 1415 1639 1475 et
1668 1402 1793 1477 extttte

454 1500 713 1574 Profusidnem
732 1500 903 1598 Spiritus.
1148 1497 1230 1571 illos
1247 1522 1363 1596 usque
1388 1499 1429 1571 in
1454 1500 1650 1574 aete'rnum.
1668 1502 1705 1578 ti·
1731 1502 1793 1577 Me

457 1600 577 1672 taetus
594 1597 673 1672 dies
689 1598 751 1671 hic
770 1599 935 1672 trinseat
956 1626 964 1670 :
1150 1596 1278 1669 mento
1307 1599 1608 1697 congregatidnis
1647 1612 1733 1675 tue.
1758 1612 1787 1695 rt.

457 1697 585 1770 Pudor
600 1698 649 1771 sit
672 1711 715 1771 ut
731 1696 971 1770 diluculum:
1151 1695 1271 1786 Quam
1306 1696 1499 1794 possedisti
1533 1696 1582 1771 ab
1612 1698 1786 1775 initiet.

378 1884 383 1891 Ι
457 1796 566 1869 Fides
584 1797 687 1870 velut
707 1795 913 1869 meridies:
1149 1794 1232 1867 Fiat
1247 1820 1319 1892 pax
1344 1796 1384 1868 in
1407 1796 1543 1869 virtrite
1574 1810 1654 1871 tun.
1682 1808 1718 1891 ις.
1752 1800 1791 1875 Et

456 1896 723 1994 crepusculum
741 1920 849 1970 mens
861 1895 1014 1971 nesciat.
1151 1891 1382 1967 abundintiu
1398 1894 1438 1966 in
1456 1893 1620 1969 tdrribus
1651 1897 1735 1971 tuis.
1758 1898 1787 1973 i.

455 1993 603 2068 siurdra
620 1996 741 2068 iucem
761 1994 935 2093 prdvehit
955 2024 964 2068 :
1151 1991 1308 2065 Ore'mus
1326 2018 1394 2091 pro
1410 1992 1583 2068 fidelibus
1603 1994 1790 2071 defunctis.

458 2094 553 2166 Cum
571 2095 654 2167 luce
672 2093 779 2166 nobis
791 2093 954 2212 prideat
1151 2102 1186 2183 [ς.
1206 2090 1386 2189 Re'qujem
1405 2093 1582 2167 aeternam
1600 2096 1703 2169 dona
1722 2098 1790 2181 eis,

456 2194 500 2265 ln
518 2196 628 2266 Patre
645 2207 746 2269 totus
761 2193 875 2265 Filius
892 2250 902 2281 ,
1151 2189 1334 2275 deine‚
1355 2204 1393 2265 et
1409 2192 1471 2264 iux
1485 2193 1667 2292 perpetua
1686 2194 1793 2269 liceat

455 2293 505 2366 Et
518 2306 618 2366 totus
636 2293 676 2365 in
693 2291 819 2367 Verbo
835 2293 958 2375 Pater.
1157 2289 1268 2365 eis.i·.
1294 2290 1543 2388 Requiescnnt
1572 2294 1610 2366 in
1637 2318 1739 2393 paee.
1761 2306 1788 2389 ij.

458 2392 534 2464 lieo
547 2391 647 2464 Patri
662 2391 710 2464 sit
725 2391 866 2492 gliris,
1157 2384 1291 2461 Amen.
1307 2390 1341 2464 i.
1373 2392 1445 2462 Pro
1467 2390 1649 2466 initribus
1673 2394 1792 2465 nostn's

456 2490 620 2589 Ejdsque
637 2491 704 2563 soli
717 2489 810 2563 Filio
830 2546 838 2580 ,
1153 2485 1379 2561 absentibus.
1403 2500 1439 2583 rt.
1463 2489 1589 2563 Salvos
1605 2491 1669 2565 fae
1686 2516 1793 2565 servos

459 2590 554 2660 Cum
570 2588 709 2688 Spiritu
726 2589 912 2663 Periclito
934 2646 942 2680 ,
1154 2598 1258 2678 tuos,
1276 2589 1374 2660 lteus
1397 2612 1526 2680 meus,
1555 2590 1745 2688 speraintes
1763 2591 1792 2663 in

459 2689 568 2761 Nunc
586 2703 624 2761 et
637 2713 704 2787 per
715 2713 828 2762 omne
854 2687 1043 2762 saeculum.
1154 2697 1202 2756 te.
1223 2685 1259 2762 it.
1282 2688 1353 2760 Pro
1370 2686 1545 2778 afflictis,
1573 2701 1612 2763 et
1639 2688 1791 2789 captivis.

509 2785 643 2860 Amen.
1151 2794 1189 2879 rt.
1212 2783 1346 2858 Libera
1365 2810 1453 2874 eos,
1485 2788 1585 2860 Deus
1609 2788 1742 2879 lsrael,
1758 2812 1793 2861 ex

513 2887 579 2955 Per
621 2882 792 2965 innunt,
828 2886 864 2963 ἵν’.
886 2885 1031 2984 Repttti
1062 2910 1119 2958 su·
1154 2882 1328 2957 dmnibus
1373 2882 1675 2961 tribulatidnibus
1719 2887 1791 2961 suis

460 3008 545 3055 mus
563 3008 674 3057 mane
698 2984 955 3058 miseriedrdia
980 2999 1057 3057 tua.
1076 2991 1113 3073 s*-
1152 2983 1188 3059 d.
1207 2983 1313 3056 Mitte
1329 2983 1382 3056 eis
1401 3039 1409 3074 ,
1429 2984 1609 3073 himine,
1630 2985 1792 3060 auxilium

456 3082 727 3175 Exultivimus,
742 3098 780 3157 et
791 3085 963 3158 delectiti
976 3109 1117 3157 sumus.
1154 3082 1201 3155 de
1227 3095 1368 3156 sancto.
1390 3094 1425 3175 rt.
1457 3083 1506 3157 Et
1522 3082 1570 3157 de
1587 3085 1677 3158 Sion
1707 3085 1792 3159 tud

569 3180 624 3253 ⁴id
642 3181 886 3271 Benedictus,
914 3178 1007 3251 Ana.
1155 3205 1229 3253 eos.
1252 3182 1284 3255 i:
1300 3181 1460 3253 deine
1481 3239 1490 3272 ‚
1510 3183 1648 3256 exiudi
1674 3183 1790 3257 nuntii

459 3277 682 3354 Benedictus
713 3283 818 3355 Dirus
858 3283 957 3355 Deus
991 3281 1115 3354 lsrael.
1154 3304 1241 3353 nem
1256 3305 1393 3354 meam.
1422 3292 1460 3377 n).
1485 3282 1791 3357 Etclamormeus

464 3464 467 3469 ‚
509 3382 551 3451 ln
568 3380 682 3452 Feriis
705 3381 875 3473 Quatuor
901 3379 1051 3474 Terup,
1078 3391 1117 3449 et
1153 3379 1202 3452 ad
1231 3393 1267 3453 te
1285 3380 1422 3453 veniat.
1437 3379 1579 3454 Deinde
1608 3382 1740 3457 dicitru

462 3479 569 3578 tigit.
616 3502 697 3649 duae
741 3479 980 3576 jejunantur,
1032 3490 1117 3572 post
1340 3477 1504 3554 Psnlnrus
1524 3485 1609 3554 129.

458 3577 617 3649 ‚inania
659 3578 907 3667 Benedictus,
930 3590 967 3647 et
986 3577 1024 3646 in
1043 3575 1114 3647 Ve-
1153 3591 1157 3598 '
1281 3575 1717 3675 profdndisclamt'sriad
1740 3592 1784 3653 te.

458 3679 574 3774 speris
598 3676 647 3748 ad
676 3676 914 3776 Magnifieat,
938 3674 1116 3747 dicuntur
1152 3589 1251 3757 U
1283 3676 1408 3749 emine
1430 3706 1438 3750 :
1458 3681 1472 3709 *
1491 3678 1665 3771 lidmine,
1675 3674 1783 3753 exind

458 3789 654 3872 sequentes
703 3778 835 3849 Preces
867 3775 972 3848 sseuis
1011 3774 1115 3873 geni·
1152 3799 1282 3846 vocem
1307 3800 1444 3849 meam.
1784 3838 1786 3843 .

462 3876 530 3944 bus
551 3906 558 3943 :
583 3873 663 3946 aliis
690 3887 804 3972 temp.
826 3899 903 3947 non
922 3874 1114 3947 dicuntur.
1153 3873 1263 3947 Fiant
1286 3898 1393 3948 aures
1411 3890 1483 3950 tuae
1509 3876 1783 3963 intendentes,'

462 3984 468 3991 “
506 3987 537 4035 7
550 4000 630 4047 rus
649 4031 659 4066 ,
679 3976 830 4051 ele'ison.
850 3973 1120 4067 Christe,ele'i·
1154 3972 1193 4044 in
1211 3998 1339 4046 rocem
1357 3975 1629 4073 deprecatidnis
1646 4000 1743 4050 mee.
1829 3996 1830 4001 ’

470 3986 647 4152 hson.
680 4072 803 4174 Kyrie,
822 4074 973 4149 eleison.
1012 4075 1122 4147 Pater
1154 4071 1190 4143 Si
1210 4071 1425 4170 iniquitites
1442 4074 1693 4150 observireris
1712 4070 1782 4167 ,Bi-

467 4185 607 4263 noster,
618 4184 737 4245 totum
753 4171 889 4247 dicitur
899 4173 1000 4245 clare
1014 4196 1117 4245 voce.
1155 4170 1258 4265 mine
1273 4172 1306 4244 2*
1319 4173 1491 4264 ltdmine,
1505 4169 1782 4272 quissustintibit⁹

467 4270 486 4343 i'
521 4272 570 4345 Et
599 4295 647 4345 ne
678 4295 747 4344 nos
763 4271 920 4347 indicas
947 4273 987 4345 in
1007 4285 1122 4347 tenta·
1156 4269 1251 4360 Quia
1269 4271 1368 4369 apud
1392 4285 1427 4344 te
1445 4274 1660 4372 propitiitio
1676 4286 1729 4347 est
1750 4268 1782 4341 :'

469 4369 624 4444 tidnem.
646 4382 683 4465 n).
707 4369 779 4443 Sed
793 4370 988 4445 liberanos
1004 4396 1026 4443 a
1043 4396 1120 4445 ma·
1155 4382 1193 4441 et
1210 4383 1362 4466 propter
1386 4371 1506 4472 legem
1532 4385 1637 4445 tuam
1654 4365 1783 4446 sustinui

469 4468 520 4541 to.
549 4470 584 4543 i.
617 4471 698 4570 Ego
728 4469 805 4545 dixi
824 4528 832 4557 ,
848 4471 1033 4560 Demine,
1053 4470 1120 4542 nti·
1157 4481 1218 4557 te,
1239 4469 1410 4541 deine.

469 4566 592 4641 serere
615 4569 701 4642 mei.
734 4580 771 4661 nt.
804 4570 903 4643 Sana
953 4569 1121 4641 inimam
1156 4566 1339 4640 Sustinuit
1366 4567 1494 4643 inima
1526 4595 1613 4644 mea
1638 4564 1786 4657 injverto

470 4688 626 4755 ineam,
661 4668 749 4765 quia
783 4668 931 4766 pecorini
967 4666 1048 4740 tibi.
1082 4668 1118 4743 i'.
1157 4667 1235 4763 ejus
1256 4694 1264 4738 :
1284 4667 1298 4697 *
1320 4669 1483 4765 sper-sirit
1503 4669 1633 4745 inima
1660 4692 1740 4744 mes
1759 4665 1787 4737 in

470 4762 718 4853 Convertere,
753 4766 943 4856 deine,
992 4766 1122 4864 risque·
1157 4766 1331 4855 deino,

472 4884 562 4961 quo.
584 4884 620 4953 n.
639 4863 690 4937 Et
704 4860 947 4961 deprecibilis
973 4879 1053 4939 esto
1070 4889 1125 4937 su·
1160 4863 1185 4934 si
1206 4863 1377 4937 cnstddia
1406 4866 1592 4940 matutina
1622 4891 1735 4967 usque
1756 4856 1791 4937 td

472 4982 542 5059 per
570 4980 695 5035 servos
721 4973 819 5035 tuos.
859 4964 894 5039 t.
926 4964 1009 5037 Fiat
1049 4963 1126 5036 mi·
1160 4976 1337 5035 noctem:
1361 4965 1510 5063 *speret
1527 4967 1639 5041 israel
1662 4966 1790 5041 inlitu

470 5054 675 5133 wrictrdia
715 5070 805 5151 tua,
838 5061 1027 5153 Dimine,
1067 5086 1125 5135 su·
1162 5061 1255 5151 Quia
1269 5061 1370 5161 apud
1387 5065 1593 5138 deinum
1612 5060 1795 5139 miserius
1829 5072 1830 5083 ’

471 5178 542 5255 per
553 5176 635 5227 nos.
652 5168 690 5245 tt.
706 5152 1033 5249 Quernidmodum
1051 5185 1128 5259 spe
1160 5158 1223 5231 dia
1245 5188 1252 5231 :
1270 5163 1283 5191 *
1302 5176 1339 5235 et
1353 5163 1501 5261 eopidsa
1519 5166 1619 5263 apud
1637 5190 1722 5240 etun
1736 5156 1797 5237 ssd·

473 5252 637 5327 risimus
654 5252 693 5327 in
712 5266 762 5329 te.
787 5256 822 5329 ἑ.
840 5256 1055 5333 Sacerddtes
1073 5261 1126 5333 tui
1162 5258 1316 5358 emptio.
