4509 6209
452 672 526 741 ‘220
721 668 821 739 Infra
847 666 964 739 ttebd.
992 686 1129 737 nonam
1161 682 1242 761 post
1268 666 1350 738 Oet.
1381 670 1534 742 Pentec.

452 811 676 912 1·egeshoS‚
705 827 748 886 ut
772 813 936 889 truderet
965 841 1028 890 eos
1061 826 1101 889 iu
1139 835 1225 883 vasa
1247 810 1356 885 haec:
1383 826 1422 887 et
1452 839 1541 887 cum
1568 814 1674 914 plena
1699 819 1755 893 sue

452 935 586 984 manus
635 912 791 985 Moab?
830 915 1004 1013 Dixitque
1055 915 1103 987 ad
1139 913 1242 996 rint,
1277 910 1395 983 tolles.

455 1036 541 1082 eum
576 1010 717 1084 Elise'us
749 1039 756 1083 :
789 1013 890 1087 Vivit
923 1014 1104 1087 Duminus
1137 1016 1176 1099 [ἢ.
1197 1010 1358 1082 Peeetvi.
1373 1034 1499 1110 super.
1528 1015 1612 1087 178.

454 1109 711 1201 exercituum,
744 1111 784 1183 in
817 1113 921 1210 eujus
946 1114 1103 1212 conspe·
1366 1104 1493 1175 11θοῧο
1520 1103 1558 1196 ᾖ·

453 1223 516 1283 ctu
541 1222 624 1289 sto,
655 1209 756 1307 quod
788 1211 817 1282 si
853 1236 929 1284 non
956 1213 1103 1285 vultum
1140 1214 1239 1381 [vu
1255 1211 1382 1307 itaque
1406 1205 1546 1282 mulier
1568 1266 1577 1299 ,
1598 1222 1637 1285 et
1656 1210 1760 1287 clausit

453 1306 655 1405 tesaphat,
684 1310 781 1409 regis
808 1310 934 1400 Judae,
968 1311 1105 1384 erube-
1196 1307 1332 1381 Ostium
1350 1332 1463 1403 super
1480 1332 1543 1396 se,
1564 1322 1604 1381 et
1619 1311 1760 1409 superfi-

455 1431 623 1497 scerem,
650 1431 727 1479 nou
754 1410 995 1482 attendissem
1019 1410 1104 1508 qui·
1140 1403 1207 1478 lios
1232 1433 1318 1480 suos
1350 1406 1432 1477 :illi
1449 1406 1757 1495 offerebantmsa,

456 1504 543 1579 dem
563 1519 611 1595 te,
629 1529 698 1578 nec
719 1507 975 1604 respexissem.
995 1511 1104 1582 Nunc
1139 1518 1177 1576 et
1216 1506 1280 1579 itta
1326 1504 1569 1578 infundebat.
1623 1508 1758 1607 Cumque

454 1618 582 1677 autem
600 1602 776 1677 adducite
807 1606 899 1678 mihi
928 1609 1101 1705 psaltem.
1139 1604 1251 1700 plena
1283 1605 1444 1678 fuissent
1466 1628 1587 1695 vasa,
1623 1604 1757 1681 dixitnt

456 1704 626 1801 Cumque
647 1704 800 1776 cuneret
816 1706 952 1802 psaltes
973 1765 981 1797 ,
1002 1709 1105 1779 facta
1139 1701 1264 1775 filium
1295 1728 1404 1776 suum
1435 1731 1443 1774 :
1480 1701 1587 1777 Asser
1610 1705 1696 1777 mihi
1711 1706 1757 1779 ad·

455 1815 512 1875 est
537 1826 755 1902 supereum
773 1828 906 1877 manus
932 1807 1102 1897 nemini,
1140 1800 1214 1874 huc
1232 1827 1308 1876 vas.
1329 1804 1375 1875 Et
1391 1801 1453 1875 itte
1471 1828 1530 1876 res
1566 1801 1755 1879 ‘ndiuttu

456 1915 495 1974 et
521 1900 575 1974 ait
611 1928 620 1971 ε
648 1902 735 1974 ttaec
762 1901 853 1975 dicit
883 1905 1066 1977 Dumiuus
1095 1933 1103 1977 :
1140 1898 1275 1974 htbeo.
1304 1899 1489 1999 Stetitque
1516 1904 1653 1975 iteum.
1678 1902 1755 1978 Venit

455 2001 578 2073 Fucite
604 1999 751 2074 t'tlveum
778 2002 952 2076 torrentis
994 2003 1106 2101 hujus
1141 2014 1266 2073 autem
1285 2001 1349 2071 itta
1365 2057 1374 2088 ‚
1393 2014 1432 2073 et
1453 1998 1753 2075 indictivithumini

456 2104 575 2173 fossus
601 2112 640 2171 et
668 2100 800 2171 fossas,
822 2102 907 2174 Haec
929 2104 1031 2175 enim
1046 2103 1107 2175 ‹li-
1141 2100 1221 2171 Dei.
1256 2102 1304 2171 Et
1333 2099 1426 2190 itte,
1467 2099 1605 2192 Vade,
1643 2102 1751 2200 inquit,

459 2199 511 2271 cit
534 2198 716 2270 Duminus
761 2226 768 2269 :
815 2200 898 2272 Nou
935 2200 1107 2275 videbitis
1142 2197 1262 2271 vende
1287 2198 1410 2271 t'tleum
1432 2256 1440 2291 ,
1461 2212 1500 2271 et
1528 2199 1644 2274 redde
1667 2198 1751 2273 credi·

459 2311 644 2385 ventum,
676 2320 799 2394 neque
842 2299 1007 2395 pluviam
1042 2314 1110 2374 :et
1144 2297 1213 2368 utri
1246 2311 1310 2370 tuo
1340 2326 1348 2369 :
1386 2311 1428 2370 tu
1461 2312 1617 2385 autem,
1648 2312 1682 2372 et
1707 2296 1750 2371 stt

457 2396 585 2469 itlveus
620 2395 689 2469 iste
732 2396 937 2494 replebitur
969 2401 1105 2498 aquis,
1144 2397 1216 2485 tui,
1236 2396 1349 2469 vivite
1364 2396 1411 2469 de
1428 2397 1588 2495 reliquo.
1608 2399 1749 2471 Factam

458 2508 497 2569 et
520 2494 656 2568 bibetis
684 2520 776 2583 vos,
803 2509 842 2567 et
861 2498 1015 2572 famitiae
1044 2524 1109 2572 ve·
1143 2508 1269 2567 autem
1288 2494 1459 2592 quaedam
1488 2496 1570 2569 dies
1590 2510 1652 2588 ,et
1667 2511 1749 2571 um·

458 2610 569 2676 stne,
594 2607 633 2666 et
659 2587 836 2689 jume'nta
863 2610 998 2669 vestra.
1035 2601 1110 2671 Pa·
1144 2593 1223 2666 ibat
1247 2592 1388 2667 Elise'us
1413 2620 1480 2692 per
1503 2596 1644 2668 Sunam
1669 2607 1748 2669 :erat

460 2694 619 2791 uimque
647 2706 703 2765 est
738 2693 810 2766 hoc
836 2695 875 2767 in
906 2695 1108 2795 conspeetu
1144 2706 1271 2765 autem
1290 2692 1341 2765 ibi
1363 2694 1501 2767 mulier
1526 2720 1588 2767 ma
1617 2717 1748 2792 nmque

458 2792 606 2865 Dumini
630 2819 638 2863 :
669 2792 822 2891 insuper
848 2793 971 2867 tradet
995 2796 1108 2870 e'tium
1145 2792 1268 2864 tenuit
1292 2816 1379 2865 eum
1403 2806 1445 2865 ut
1477 2720 1686 2868 comefieret
1707 2816 1748 2890 pe

459 2890 570 2965 Moab
597 2892 637 2962 iu
664 2916 798 2964 mauus
815 2906 967 2966 vestras.
1144 2915 1230 2963 nem
1255 2919 1262 2961 :
1283 2914 1444 2989 cumque
1461 2892 1677 2990 frequenter
1692 2888 1748 2963 inde

458 3008 494 3093 te.
512 2993 590 3093 Ego
610 2992 744 3063 tetuli.
764 2995 847 3064 Ι180.
1124 2962 1322 3062 'transiret
1342 3049 1350 3073 ‚
1381 2989 1595 3064 divertebat
1627 2992 1671 3064 ad
1694 3012 1747 3062 eut

598 3088 736 3162 FEtttA
755 3088 961 3183 Qtltttm.
1145 3102 1189 3161 ut
1209 3088 1426 3162 come'deret
1455 3114 1610 3187 panem.
1632 3086 1748 3184 Quadi·

537 3192 593 3263 De
611 3187 708 3261 libro
725 3203 859 3288 quarto
877 3191 1036 3289 Regum.
1145 3189 1200 3260 xit
1226 3187 1274 3260 ad
1300 3188 1419 3260 vitum
1440 3213 1552 3260 suum
1580 3216 1589 3262 :
1616 3182 1748 3261 Animat-

613 3290 737 3360 tectio
753 3291 783 3382 j.
808 3294 897 3387 Cup.
922 3294 958 3362 t.
1146 3287 1249 3359 ve‘rto
1266 3287 1368 3384 quod
1399 3287 1456 3358 vir
1479 3289 1547 3360 Dei
1572 3296 1748 3361 sancuset

558 3412 655 3459 uum
694 3401 821 3459 autem
854 3387 1025 3485 quaedam
1063 3385 1110 3458 de
1144 3386 1238 3473 iste,
1272 3387 1335 3483 qui
1363 3388 1497 3459 transit
1527 3411 1595 3485 per
1622 3386 1748 3459 nosfre·

458 3397 557 3577 M
614 3485 793 3558 uxuribus
835 3485 1110 3583 Prophetzirum
1145 3484 1316 3582 que'nter.
1336 3486 1531 3558 Faciumus
1561 3486 1748 3587 ergoeiut·

461 3584 650 3657 elanuibat
670 3585 718 3656 ud
742 3585 903 3657 Eliseum
922 3643 930 3675 ,
951 3584 1079 3657 diceus
1100 3612 1108 3654 :
1146 3584 1323 3655 miculum
1341 3609 1527 3680 patmum,
1554 3599 1593 3658 et
1611 3584 1749 3683 ponemus

463 3684 598 3756 Servus
616 3698 720 3771 tuus,
737 3686 794 3756 vit·
810 3709 928 3761 meus.
942 3684 1111 3755 murtuus
1147 3683 1178 3754 ei
1205 3684 1243 3753 iu
1271 3706 1315 3754 eo
1334 3682 1512 3755 lectulum
1532 3698 1593 3770 ‚et
1610 3702 1747 3763 mensam,

464 3795 543 3871 est,
564 3796 603 3855 et
620 3797 659 3855 tu
674 3784 768 3855 nosti
786 3785 875 3881 quia
887 3807 1014 3856 servus
1027 3796 1112 3854 tuus
1147 3794 1184 3853 et
1200 3780 1329 3853 sellam
1351 3839 1360 3868 ‚
1382 3796 1421 3854 et
1442 3782 1749 3867 candelabrum

465 3882 538 3952 suit
560 3883 695 3954 timeus
721 3884 922 3954 Duminum
943 3910 952 3953 ε
972 3895 1010 3955 et
1026 3905 1112 3953 ecee
1128 3905 1233 3952 -cum
1259 3880 1404 3952 venerit
1431 3880 1481 3952 ad
1520 3905 1617 3973 nos,
1644 3880 1749 3953 munet

464 3978 629 4052 meditor
650 3982 777 4067 venit,
806 3995 849 4053 ut
880 3981 986 4053 tollat
1018 3979 1113 4052 duos
1146 3977 1213 4051 ibi.

464 4077 563 4151 filios
580 4104 683 4152 meos
708 4080 756 4151 ad
772 4080 1010 4152 serviendum
1026 4078 1109 4150 sibi.
1150 4088 1186 4171 ut.
1208 4075 1398 4149 Exaudisti
1417 4133 1426 4165 ‚
1447 4077 1623 4151 D6mine.
1645 4078 1710 4149 tte.

465 4178 533 4249 Cui
555 4177 649 4251 dixit
673 4174 813 4252 Eliseus
840 4178 1043 4271 :Quidvis
1073 4191 1115 4249 ut
1376 4172 1503 4242 Lectio
1532 4174 1582 4267 iij.

464 4276 603 4351 [aicium
636 4276 739 4350 tibi?
770 4279 837 4350 Dic
870 4277 962 4349 mihi
984 4334 993 4357 .
1023 4275 1114 4374 quid
1151 4286 1305 4455 Ftcm
1331 4288 1388 4347 est
1403 4299 1493 4373 ergo
1514 4274 1595 4349 dies
1611 4270 1746 4374 quedam·

471 4373 588 4449 habes
609 4378 647 4448 iu
672 4377 786 4449 domu
807 4391 870 4450 tuu
887 4377 906 4448 ’ἶ
923 4376 972 4449 :u
987 4376 1051 4448 itta
1064 4400 1117 4447 re·
1242 4387 1280 4447 et
1306 4372 1460 4446 veniens
1489 4373 1641 4449 divertit
1660 4374 1748 4445 inut-

471 4475 623 4572 spuudit
654 4506 662 4546 :
694 4478 778 4549 Nou
817 4474 939 4548 huben
980 4474 1115 4547 ancilla
1151 4472 1327 4547 utentum
1349 4486 1416 4544 :et
1445 4474 1628 4571 requievit
1642 4464 1748 4545 ibtt'r

472 4586 536 4646 tua
551 4575 757 4673 quidquam
786 4576 824 4647 in
855 4574 968 4646 dumo
999 4597 1112 4651 mea.
1151 4570 1747 4671 xitqueadGiezi,pt'1erumsutm3
1790 4582 1791 4587 ’

472 4673 542 4745 uisi
563 4698 697 4771 purum
713 4674 785 4747 ulei
802 4699 878 4771 quo
899 4697 1032 4771 ungar.
1047 4674 1115 4745 Cui
1131 4684 1136 4781 Ι
1150 4673 1251 4745 Yoca
1278 4668 1554 4743 sunamitidem
1586 4662 1747 4753 istqunl
1789 4668 1792 4691 ²

469 4772 525 4845 uit
563 4800 573 4843 z
607 4772 740 4851 Vade.
782 4786 882 4871 pete·
901 4775 1034 4844 mutuo
1066 4769 1116 4843 ub
1151 4796 1238 4843 cum
1257 4771 1424 4842 vomisset
1449 4794 1562 4849 eam.
1589 4785 1627 4844 et
1641 4769 1694 4842 itta
1707 4774 1749 4877 ste
1789 4802 1791 4807 ·

469 4868 645 4945 (munibus
657 4872 788 4945 m'cinis
805 4873 878 4945 tuis
894 4896 980 4943 vasa
998 4872 1116 4943 uicua
1152 4870 1254 4942 tisset
1279 4894 1406 4940 comm
1434 4893 1501 4960 eo,
1520 4867 1671 4942 dixitud
1696 4880 1749 4962 pt&
1790 4960 1791 4965 ἵ

470 4992 548 5043 uon
578 4994 712 5069 puucu.
742 4970 788 5043 Et
821 4970 1045 5069 iugu'ulem
1078 4984 1116 5042 et
1152 4994 1237 5039 rum
1252 4992 1362 5039 suum
1393 4968 1591 5065 :luquere
1613 4968 1657 5041 ad
1677 4978 1746 5066 etmf

469 5064 604 5145 claude
627 5068 766 5145 estium
795 5082 903 5143 tuum
921 5127 930 5150 ,
950 5094 1037 5142 cum
1062 5068 1116 5140 in·
1154 5068 1246 5139 Eece
1263 5066 1393 5139 sedule
1418 5068 1458 5139 iu
1485 5066 1656 5139 umnibus
1677 5060 1748 5171 mitt·

472 5164 657 5243 Ιήηωωε
692 5166 809 5243 tueris
845 5181 922 5247 tu.
962 5182 1000 5242 et
1043 5166 1115 5239 titii
1152 5167 1273 5238 stmsti
1305 5164 1443 5243 uobis.
1471 5164 1562 5263 quid
1587 5167 1640 5238 vis
1664 5154 1748 5235 utfv

521 5262 531 5343 ἰ
546 5288 561 5361 3
589 5278 631 5343 et
665 5266 776 5343 mitte
799 5266 889 5340 iude
917 5268 957 5341 iu
990 5266 1117 5341 umuia
1151 5266 1247 5340 cium
1275 5264 1582 5362 tibittt'umquid
1599 5262 1747 5338 hubent·
