4509 6209
508 685 556 755 92
944 675 1048 745 feria
1066 687 1164 745 sexta
1186 674 1234 744 ad
1248 673 1404 747 Laudes.

681 807 746 883 AD
773 807 970 884 LAUDES.
1200 830 1338 882 nomen
1365 819 1473 882 tuum
1490 864 1498 898 ,
1515 805 1705 899 Dimine,
1735 806 1847 883 viriii-

557 923 648 992 tna,
669 909 806 1008 Spiritu
838 898 1033 1006 principili
1072 929 1167 981 con·
1201 900 1304 980 cibis
1321 909 1436 980 mein
1450 899 1626 1006 aequitite
1643 919 1726 980 tua.

508 1008 623 1082 firma
665 1032 730 1082 cor
761 1032 914 1097 meum,
956 1007 1070 1079 Deus.
1102 1015 1161 1084 l‘s.
1199 1005 1343 1082 Edrices
1357 1005 1405 1080 de
1425 1004 1669 1080 tribulatitine
1693 999 1851 1081 {inimum

511 1096 684 1190 ‚ttiseresre
705 1108 791 1180 mei.
813 1109 875 1180 48.
1200 1130 1323 1178 meam
1342 1133 1351 1178 ι
1370 1106 1493 1180 *etin
1513 1103 1777 1179 miseriotrdi·
1798 1118 1856 1180 tut

513 1220 600 1290 tna,
620 1206 845 1279 inveritite.
1200 1201 1391 1305 dispe'rdes
1416 1204 1588 1279 inimicos
1615 1228 1741 1278 meos.

698 1314 964 1388 Psatmusttt,
1199 1310 1247 1378 tlt
1260 1302 1392 1402 perdes
1406 1303 1649 1403 onmes‚qui
1680 1301 1858 1379 tribulant

590 1428 697 1477 onrnr
726 1459 735 1494 ,
782 1398 918 1476 exiudi
959 1399 1167 1475 oratit'mem
1200 1401 1366 1476 inimam
1397 1428 1521 1478 meam
1539 1430 1548 1476 ε
1563 1404 1579 1434 *
1595 1402 1857 1506 quinimego

508 1416 590 1588 D
604 1526 743 1594 meam;
760 1494 913 1575 iuribus
931 1500 1083 1600 percipe
1100 1500 1165 1575 ob·
1200 1526 1326 1576 servus
1342 1516 1428 1576 tuus
1442 1527 1537 1576 sum.

509 1603 755 1675 secratirinem
787 1626 913 1675 meam
941 1602 981 1672 in
1011 1592 1167 1673 veritite
1204 1607 1294 1676 iria.
1314 1602 1356 1674 in
1394 1603 1552 1677 veritite
1588 1612 1682 1697 tua,
1730 1593 1853 1675 exa‘ndi

509 1713 575 1773 tua
593 1728 601 1772 :
622 1702 637 1730 *
652 1692 789 1774 exiudi
816 1725 878 1774 me
905 1700 945 1772 in
974 1712 1038 1772 tua
1055 1699 1169 1798 justi·
1201 1724 1281 1793 me,
1313 1702 1486 1776 Dimine.

510 1799 578 1873 tia.
1205 1804 1296 1875 tna.
1314 1800 1501 1891 lilrimina,
1521 1798 1701 1891 Dtimine,
1717 1797 1851 1873 vultum

514 1912 555 1981 fit
583 1922 661 1971 non
687 1899 802 1972 intres
819 1895 1053 1994 injudicium
1081 1922 1169 1969 cum
1204 1911 1310 1971 tuum
1327 1923 1534 1997 supernos.
1550 1900 1608 1969 Ps.
1633 1899 1737 1972 *Deus
1765 1900 1852 1973 litut

510 2021 616 2071 servo
643 2011 709 2071 tuo
727 2025 735 2069 ε
752 1998 768 2027 *
795 1997 884 2096 quia
897 1989 1171 2094 nonjustissca'-
1203 2021 1320 2070 meus.
1338 2002 1399 2072 49.

511 2095 614 2169 bitur
653 2097 693 2170 in
721 2095 922 2194 conspectu
951 2109 1017 2169 tuo
1047 2096 1170 2170 omnis
1204 2101 1297 2173 iria.
1316 2098 1489 2171 Dtimine.

512 2196 651 2269 vivens.
1285 2201 1391 2270 Cant.
1415 2197 1602 2267 littbacur.
1626 2200 1722 2296 Cap.
1757 2199 1791 2271 3.

514 2296 610 2402 Quia
639 2290 854 2395 persentitus
898 2305 955 2366 est
997 2291 1171 2366 inimicus
1304 2320 1413 2386 itinn,
1452 2291 1579 2367 audiri
1625 2294 1841 2370 audititinen

512 2394 680 2468 intimam
698 2417 823 2466 meam
842 2393 880 2463 ε’
905 2385 1117 2464 humiliivit
1129 2394 1170 2464 in
1291 2408 1396 2467 tuam
1413 2451 1422 2485 ,
1438 2395 1453 2424 *
1469 2406 1508 2466 et
1525 2393 1649 2467 timui.

512 2506 613 2565 terra
626 2494 741 2565 vitam
770 2515 907 2564 meam.
1208 2492 1359 2566 [limine
1378 2551 1386 2583 ,
1403 2518 1496 2591 opus
1511 2506 1646 2584 tuum,
1676 2495 1693 2525 *
1723 2493 1763 2567 in
1784 2493 1839 2566 mt'*

517 2591 721 2676 Colloceivit
740 2615 800 2663 me
827 2591 866 2662 in
894 2586 1061 2663 obset'tris
1077 2587 1174 2661 sicut
1205 2590 1267 2665 dio
1284 2594 1470 2665 anntirum
1484 2591 1642 2666 vivifica.
1656 2592 1762 2666 illud.

514 2689 819 2764 rnrirtuossaeculi
839 2689 1174 2762 :*etanxittusest
1210 2697 1245 2764 in
1272 2690 1397 2764 medio
1425 2692 1614 2764 annt'trum
1642 2705 1774 2765 notum
1796 2689 1839 2763 ii·

514 2814 626 2888 super
641 2814 701 2862 me
726 2787 877 2887 spiritus
903 2811 1025 2879 meus,
1044 2788 1084 2860 in
1111 2811 1173 2860 me
1206 2791 1280 2864 cies
1298 2819 1306 2863 :
1323 2792 1338 2821 *
1352 2816 1438 2864 cum
1453 2785 1570 2864 initus
1587 2792 1732 2882 inieris,
1758 2789 1838 2863 mite

516 2887 708 2962 turbinum
727 2902 783 2961 est
795 2913 861 2961 cor
873 2912 1014 2960 meum.
1207 2889 1375 2963 rietrdiae
1400 2883 1671 2965 recorda'beris.

520 2987 887 3071 ttemorfuidierum
916 2984 1170 3083 antiquirum,
1215 2998 1306 3062 iteus
1331 2989 1380 3062 ab
1412 2988 1547 3062 Austro
1586 2987 1739 3080 veniet,
1768 2988 1783 3019 ‘
1814 2998 1838 3060 et

517 3080 718 3161 medita'tus
731 3110 814 3159 sum
829 3086 868 3158 in
891 3083 1066 3157 ‹imnibus
1082 3083 1176 3180 opti-
1208 3102 1357 3162 sanctus
1372 3088 1419 3161 de
1434 3103 1563 3162 monte
1588 3087 1739 3162 Pharan
1758 3115 1765 3158 :

516 3185 620 3258 ribus
636 3187 708 3260 tuis
736 3186 776 3256 2*
800 3185 964 3258 infectis
991 3177 1175 3256 minuum
1213 3187 1490 3286 ttperuitcoelos
1518 3188 1639 3288 gltin’a
1664 3188 1768 3285 ejus:
1794 3185 1838 3257 'et

517 3279 667 3360 turinum
686 3280 909 3358 meditabar.
1209 3287 1330 3360 laudis
1348 3288 1426 3385 ejus
1448 3287 1559 3384 plena
1575 3302 1632 3361 est
1649 3301 1760 3360 terra.

451 3411 475 3453 ι
522 3384 688 3482 ttxpindi
704 3408 838 3456 manus
852 3407 956 3456 meas
983 3379 1031 3453 ad
1059 3392 1096 3453 te
1123 3407 1132 3451 ε
1161 3381 1177 3409 *
1215 3386 1397 3485 Splendor
1423 3389 1502 3484 ejus
1538 3400 1581 3459 ut
1611 3387 1773 3459 luxerit
1804 3381 1837 3454 :'

518 3480 646 3556 tinima
661 3508 745 3557 mea
757 3482 854 3556 sicut
867 3497 967 3556 terra
982 3482 1061 3552 sine
1080 3504 1179 3578 aqua
1211 3490 1354 3561 cnrnua
1368 3487 1407 3557 in
1421 3482 1594 3558 minibus
1608 3487 1702 3584 ejus.

520 3591 601 3665 tibi.
1218 3587 1267 3658 tbi
1283 3583 1502 3658 abscindite
1516 3598 1573 3657 est
1583 3581 1836 3679 fortitt'tdoejut:

450 3735 454 3743 ·
515 3689 706 3777 ¹t'elt'iciter
735 3688 869 3764 exiudi
884 3712 944 3761 me
961 3746 969 3777 ‚
988 3688 1150 3761 Dimine
1169 3714 1177 3759 :
1213 3687 1226 3716 *
1242 3698 1329 3758 ante
1339 3679 1477 3758 ficiem
1494 3686 1572 3781 ejus
1587 3683 1658 3756 ibit
1671 3705 1779 3755 mors.

522 3793 535 3819 *
553 3789 693 3862 defecit
709 3789 858 3887 spiritus
873 3813 990 3860 meus.
1218 3791 1266 3857 Et
1281 3784 1493 3884 egredietur
1509 3777 1683 3855 ditibolus
1700 3794 1783 3854 ante
1802 3798 1839 3876 pt*

525 3904 606 3969 ton
624 3887 768 3961 ave‘rtas
781 3885 917 3961 ficiem
933 3901 1036 3959 tuam
1052 3912 1075 3959 a
1091 3911 1152 3959 rne
1171 3914 1178 3958 :
1214 3883 1280 3957 des
1297 3884 1387 3981 ejus.
1408 3884 1423 3912 *
1444 3883 1579 3974 Stetit,
1600 3895 1639 3954 et
1652 3885 1841 3955 mensutett

522 3989 591 4059 *et
617 3985 746 4058 similis
774 4009 839 4059 ero
870 3984 1182 4060 descendentibus
1217 3997 1369 4057 terram.
1581 4009 1583 4013 ·

526 4089 564 4158 in
579 4085 715 4158 lacum.
1219 4082 1368 4179 Aspexit
1384 4137 1391 4169 ,
1409 4093 1448 4153 et
1474 4078 1642 4154 dissilvit
1668 4091 1792 4181 gentes
1812 4070 1842 4184 τ’*

537 4184 700 4267 tuditam
717 4185 779 4256 fac
793 4182 886 4254 mihi
909 4207 1019 4255 mane
1042 4183 1182 4256 miseri·
1214 4182 1283 4253 *et
1301 4179 1452 4253 contriti
1470 4193 1557 4252 sunt
1574 4193 1724 4253 montes
1738 4170 1841 4250 saecnlt·

526 4283 694 4359 ctirdiam
725 4296 830 4357 tuam
865 4311 872 4353 :
904 4283 919 4311 *
951 4283 1038 4380 quia
1069 4284 1107 4355 in
1147 4298 1183 4355 te
1222 4275 1403 4352 incurviti
1422 4291 1510 4350 sunt
1532 4278 1644 4352 colles
1673 4268 1844 4362 mundi,'

526 4377 681 4482 speriti.
1217 4379 1264 4452 ab
1291 4377 1486 4451 itineribus
1513 4373 1731 4451 aeternittitis
1751 4375 1825 4472 ejus·

528 4497 660 4566 aNotarn
691 4484 753 4555 fac
780 4481 872 4554 mihi
894 4483 1020 4571 viam,
1042 4481 1081 4553 in
1110 4506 1185 4578 qua
1219 4486 1285 4552 Pro
1302 4470 1498 4575 iniquita'te
1523 4476 1601 4548 vidi
1628 4469 1845 4550 tenttin'affir

527 4581 716 4655 ‹imbulem
748 4609 755 4653 :
783 4584 798 4613 *
821 4583 908 4680 quia
926 4579 974 4654 ad
1002 4593 1038 4653 te
1066 4576 1184 4653 leviri
1217 4576 1393 4675 diripite,
1426 4577 1441 4605 *
1469 4574 1728 4649 turbnbtintur
1759 4568 1844 4672 pelle

527 4674 693 4755 a'nimam
708 4706 845 4754 meam.
1219 4691 1325 4750 terrae
1351 4668 1514 4748 Midian.

533 4781 639 4878 Eripe
673 4805 734 4852 me
770 4780 818 4853 de
859 4779 1019 4853 inimicis
1061 4778 1180 4865 meis,
1223 4776 1405 4873 Numquid
1432 4777 1470 4847 in
1507 4771 1726 4847 fluminibus
1755 4769 1843 4877 iritttt

528 4880 710 4967 mimine,
728 4877 776 4951 ad
792 4893 828 4951 te
854 4877 1033 4980 confrigi:
1061 4877 1183 4950 *doce
1216 4901 1255 4948 es
1275 4933 1283 4965 ‚
1312 4876 1472 4948 Dimine
1489 4876 1506 4945 i
1524 4875 1539 4904 *
1559 4877 1625 4947 ant
1648 4875 1688 4946 in
1713 4865 1843 4945 flumim-

529 5003 590 5051 me
621 4972 746 5051 ficere
786 4971 1016 5051 voluntitern
1048 4990 1180 5068 tuam,
1216 4974 1286 5047 bus
1299 4975 1407 5047 furor
1430 4974 1610 5064 tuuS‚vel
1634 4973 1675 5045 in
1702 4965 1843 5045 manin

529 5079 617 5176 qnia
643 5079 742 5150 Deus
770 5101 875 5149 meus
889 5102 927 5149 es
945 5091 998 5150 tu.
1092 5126 1095 5133 »
1216 5069 1384 5173 digna'tio
1400 5075 1500 5146 tun?

530 5175 685 5278 spiritus
703 5189 787 5250 tuus
806 5173 926 5248 bonus
939 5175 1099 5249 dedticet
1123 5200 1184 5247 me
1220 5174 1289 5269 Qui
1314 5172 1491 5246 ascendes
1512 5196 1625 5270 super
1638 5194 1753 5269 equos
1765 5181 1841 5242 tuot:

529 5279 568 5353 in
600 5292 739 5351 ten-am
775 5288 916 5350 rectam
948 5303 955 5346 :
985 5277 1000 5306 *
1032 5288 1184 5373 propter
1216 5273 1284 5346 *et
1298 5272 1487 5372 quadrigae
1502 5285 1574 5345 tuae
1592 5271 1757 5345 salvatio.
