4509 6209
475 706 521 779 58
868 706 969 777 Feriu
989 709 1095 780 tertia
1113 706 1160 778 ad
1188 705 1427 777 Matutinurn.

470 840 712 916 (jonturbolae
738 840 999 936 sarracenus,
1026 845 1135 918 etin·
1167 843 1360 917 Funditur
1390 839 1619 917 exultatione
1649 833 1818 912 univorsa

473 939 612 1015 clinota
629 954 717 1014 sunt
746 966 862 1042 regna
884 970 891 1014 :
920 947 934 972 *
953 942 1057 1017 dedit
1073 969 1135 1018 vo·
1170 955 1277 1017 terra>
1294 967 1403 1016 mons
1419 941 1508 1015 Sion
1525 997 1534 1030 ,
1553 943 1569 971 '
1589 937 1710 1012 lotera
1723 933 1818 1036 Aqui·

474 1065 555 1114 cem
575 1065 703 1132 suam,
725 1054 830 1115 mota
843 1054 900 1115 est
918 1055 1030 1117 terra.
1169 1041 1265 1115 lonis
1285 1099 1293 1135 ,
1315 1042 1442 1115 civitas
1463 1039 1574 1141 Regis
1602 1035 1747 1136 magni.

475 1137 655 1213 hominus
673 1140 855 1213 virtotum
873 1140 1067 1214 nobiscum
1090 1171 1098 1215 :
1120 1143 1136 1173 *
1168 1141 1266 1215 Deus
1301 1143 1339 1214 in
1383 1136 1558 1213 domibus
1587 1137 1669 1254 ejus
1694 1155 1818 1236 cogno

475 1238 667 1338 suscoptor
681 1253 808 1313 noster
828 1240 928 1313 Deus
950 1240 1080 1314 Jacob.
1169 1240 1293 1313 scotor
1312 1297 1321 1329 ‚
1342 1241 1459 1313 *curn
1478 1235 1653 1337 suscipiet
1668 1257 1768 1307 eam.

474 1336 630 1426 Venite,
647 1335 820 1411 stridore
838 1339 952 1454 opera
969 1339 1133 1430 Domini,
1168 1337 1357 1428 Quoniam
1375 1363 1461 1412 ecce
1483 1361 1588 1438 reges
1618 1348 1727 1409 teraae
1743 1353 1818 1406 con·

476 1461 558 1535 quae
579 1437 702 1535 posuit
730 1436 900 1537 prodigia
923 1462 1035 1537 super
1065 1453 1136 1512 ter·
1169 1439 1311 1540 gregoti
1341 1450 1430 1511 sunt
1450 1465 1458 1509 :
1478 1437 1494 1467 *
1510 1430 1768 1509 conrenorunt
1787 1430 1818 1504 iu

476 1560 558 1608 ram
581 1563 589 1606 ε
609 1538 624 1566 *
638 1536 812 1611 ouferens
829 1535 928 1611 bella
951 1561 1067 1636 usque
1087 1538 1136 1613 ad
1171 1561 1301 1610 unum.

479 1632 593 1708 finern
613 1647 731 1710 terrie.
1168 1637 1241 1735 lpsi
1258 1633 1426 1708 vidontes
1443 1635 1494 1708 sic
1521 1629 1698 1706 admiroti
1715 1639 1814 1718 sunt,

475 1737 614 1806 Areum
645 1734 815 1807 conteret
834 1791 843 1825 ,
863 1748 902 1810 et
921 1734 1138 1837 confringet
1171 1734 1501 1822 conturbotisunt,
1517 1730 1812 1805 commotisunt:

477 1856 583 1905 ama
604 1832 643 1905 :*
663 1847 702 1907 et
713 1846 818 1907 scuta
834 1832 1031 1924 comboret
1044 1836 1135 1937 igni.
1171 1836 1186 1864 *
1206 1848 1347 1907 tremor
1376 1828 1626 1931 apprehondit
1643 1852 1719 1902 eos.

476 1932 493 2002 i
511 1931 616 2004 acole
634 1944 672 2005 et
688 1932 810 2006 videte
829 1990 837 2024 ,
866 1935 1044 2033 quoniam
1068 1959 1138 2034 ego
1171 1932 1226 2005 lbi
1245 1932 1393 2005 dolores
1406 1946 1449 2005 ut
1466 1928 1729 2029 parturientis,
1747 1923 1809 1998 *iu

477 2055 560 2103 sum
578 2033 677 2104 Deus
710 2058 718 2103 :
738 2035 752 2063 ¹
775 2030 968 2105 exaltobor
984 2034 1023 2105 in
1042 2032 1138 2106 Gon·
1172 2031 1303 2130 spiritu
1311 2029 1705 2104 vehemonticonteres
1720 2045 1809 2098 nares

479 2127 596 2219 tibus,
617 2144 655 2204 et
671 2130 865 2204 exaltobor
889 2132 928 2204 in
956 2146 1068 2205 [erra.
1171 2130 1333 2203 'l'barsis

477 2229 659 2302 liominus
670 2230 852 2304 virtritum
869 2229 1065 2303 nobiscum
1087 2260 1095 2303 :
1123 2233 1139 2262 *
1170 2229 1277 2303 Sicut
1294 2228 1504 2302 audivimus
1520 2284 1530 2318 ,
1546 2225 1599 2299 sic
1615 2221 1807 2296 vidimusin

480 2327 671 2428 suscoptpr
691 2343 818 2402 noster
836 2329 935 2402 Deus
954 2329 1085 2403 Jacob.
1174 2329 1323 2402 civitote
1341 2327 1491 2404 Domini
1508 2324 1692 2400 virtritunr
1707 2379 1716 2412 ‚
1732 2319 1807 2394 inci

690 2430 854 2502 Psalrnus
874 2434 933 2501 aa
1173 2428 1288 2501 vitote
1316 2429 1384 2500 nei
1414 2426 1532 2499 nostri
1566 2423 1610 2496 z*
1633 2424 1730 2496 Deus
1744 2419 1806 2493 iun·

479 2535 645 2708 Onnes
662 2540 792 2628 gentes
823 2526 991 2625 ploudite
1021 2528 1140 2601 moni·
1175 2527 1278 2600 dovit
1295 2551 1377 2599 eam
1399 2527 1437 2598 in
1454 2524 1649 2598 aetornum.

575 2623 644 2696 bus
665 2652 673 2696 :
693 2624 879 2724 *jubiiote
902 2628 981 2700 Deo
998 2625 1037 2700 in
1051 2652 1142 2700 voce
1171 2626 1438 2725 Susce'pimus‚
1467 2626 1595 2713 Deus,
1628 2613 1806 2693 misericor

483 2720 734 2797 exultationis.
1176 2724 1240 2797 dio
1259 2738 1378 2817 tuam,
1397 2724 1414 2754 *
1431 2724 1470 2796 in
1480 2721 1606 2796 modio
1617 2717 1742 2820 templi
1757 2713 1804 2789 tui

479 2821 672 2910 Quoniam
721 2823 904 2896 Dominus
941 2824 1139 2915 excusus,
1172 2823 1390 2897 secondum
1405 2845 1544 2897 nornen
1562 2831 1671 2894 tuum
1687 2874 1696 2909 ,
1713 2815 1805 2900 Dum

483 2920 659 2994 terribilis
680 2950 689 2993 ε
709 2923 724 2952 ¹
741 2923 821 2996 Rex
844 2946 1003 3022 magnus
1033 2947 1145 3022 super
1177 2923 1283 2997 sicet
1301 2924 1383 2996 laus
1400 2936 1465 2995 tua
1487 2921 1524 2994 in
1552 2920 1648 2992 fines
1664 2929 1763 2991 tem
1776 2909 1806 2984 :'

484 3043 637 3094 omnem
666 3034 819 3097 terram.
1178 3021 1318 3095 'ustitia
1332 3022 1443 3122 plena
1460 3033 1516 3094 est
1532 3018 1688 3093 doxtera
1703 3027 1770 3088 tus.

480 3116 649 3217 Subjocit
723 3121 846 3219 'pulos
879 3118 987 3194 nobis
1019 3147 1028 3192 :
1063 3120 1079 3149 *
1107 3132 1146 3193 et
1237 3121 1335 3194 totur
1348 3144 1456 3194 mons
1475 3119 1590 3208 Sion,
1619 3127 1658 3190 et
1670 3112 1816 3188 exulant

486 3214 625 3291 Gentes
645 3243 688 3292 su
732 3218 889 3318 pe'dibus
906 3220 1054 3293 nostris.
1177 3219 1267 3293 filiae
1300 3219 1435 3310 June,
1468 3219 1484 3249 *
1516 3230 1672 3318 propter
1694 3205 1817 3313 judicis

482 3315 607 3417 Elegit
627 3317 735 3391 nobis
752 3318 999 3392 hereditotem
1017 3340 1142 3391 suam:
1179 3332 1245 3391 tua
1264 3375 1273 3409 ‚
1292 3319 1465 3392 Domine.

484 3416 497 3442 *
527 3417 689 3514 spe‘eiem
705 3417 823 3492 Jacob
844 3442 983 3532 ,quam
1001 3416 1142 3497 diloxit.
1176 3416 1420 3490 Circomdate
1450 3415 1563 3505 Sion,
1597 3424 1636 3487 et
1677 3403 1817 3530 compl}-

485 3513 665 3589 .·isce'ndit
688 3517 786 3590 Deus
816 3517 856 3589 in
875 3516 1026 3616 pobiio:
1059 3521 1075 3549 *
1108 3536 1147 3596 et
1180 3516 1324 3589 cumini
1344 3540 1428 3590 eam
1446 3543 1454 3587 :
1470 3516 1485 3545 ¹
1501 3512 1652 3586 narrote
1677 3511 1716 3584 in
1732 3521 1818 3582 tuni·

483 3613 665 3687 Dominus
684 3616 722 3688 in
738 3641 829 3689 voce
860 3614 968 3690 tubae.
1180 3613 1250 3687 bus
1268 3616 1358 3713 ejus.

483 3714 634 3786 i’soliite
664 3716 742 3787 Deo
761 3729 908 3805 nostro,
938 3716 1082 3815 psoliite
1104 3747 1111 3791 :
1132 3720 1147 3747 *
1179 3715 1312 3788 Ponite
1339 3711 1454 3787 corda
1481 3725 1604 3785 vestra
1636 3709 1675 3782 in
1703 3701 1818 3777 rino!

490 3811 634 3917 psollite
651 3812 743 3913 Regi
762 3828 889 3887 nostro
910 3872 919 3904 ,
944 3815 1101 3913 psollite.
1181 3812 1258 3910 ejus
1270 3841 1278 3884 :
1291 3818 1305 3843 *
1320 3827 1358 3886 et
1370 3811 1581 3885 distribriite
1594 3808 1725 3882 domos
1733 3802 1818 3902 ejut

481 3921 511 4000 Q
521 3911 674 3982 uoniam
686 3912 764 3984 Rex
777 3915 899 3986 omnis
909 3928 1015 3987 terrae
1032 3917 1144 3989 Deus:
1180 3925 1224 3984 ut
1251 3911 1432 3985 enarrotis
1455 3910 1493 3982 in
1511 3934 1580 4010 pro
1607 3907 1690 3980 onie
1706 3903 1818 3978 olm

486 4008 880 4108 'psollilesapiontrr
1034 4091 1049 4120 ι
1178 4013 1369 4102 Quoniam
1403 4009 1466 4083 hic
1502 4021 1558 4083 est
1619 4029 1709 4093 eus,
1740 4003 1818 4076 Dei!

484 4107 674 4208 Regnohit
697 4110 797 4181 Deus
824 4135 936 4209 super
968 4108 1105 4186 Gentes
1137 4142 1145 4185 :
1181 4124 1308 4184 noster
1337 4110 1375 4182 in
1399 4108 1611 4198 aere‘rnum,
1642 4104 1744 4180 etin
1772 4119 1818 4174 se

486 4208 500 4234 *
525 4209 625 4281 Deus
651 4206 756 4281 sedet
786 4233 898 4310 super
918 4208 1045 4283 sedern
1065 4237 1148 4285 san·
1182 4210 1308 4283 cuium
1327 4208 1450 4281 saeculi
1471 4209 1512 4280 ε·
1539 4209 1617 4308 ipse
1643 4214 1746 4306 repet
1765 4212 1818 4272 Μ

484 4319 585 4380 ctam
603 4331 723 4380 suam.
1182 4309 1221 4380 in
1239 4308 1384 4381 saecula.

483 4406 673 4506 Principes
691 4406 913 4506 populorum
933 4409 1148 4510 congregoti
1376 4407 1542 4480 Psainrus
1561 4409 1622 4476 -ἰδ,

487 4518 574 4578 sunt
591 4531 677 4580 cum
695 4508 775 4579 Deo
792 4504 983 4580 Abraham
1007 4510 1150 4608 :*quo
1203 4575 1207 4592 v,
1258 4531 1359 4578 unns.
1380 4503 1459 4579 haec
1488 4527 1619 4577 omnes
1643 4495 1818 4602 gentest'

488 4603 589 4675 niam
604 4604 654 4678 dii
672 4606 790 4679 fortes
808 4619 915 4681 terrae
932 4606 1151 4697 ,sobernon-
1180 4521 1252 4686 A
1287 4604 1441 4677 ouribus
1470 4601 1650 4702 percipite
1679 4617 1801 4673 ornnes

488 4714 547 4775 ter
564 4703 695 4776 elevati
712 4718 811 4778 sunt.
1183 4703 1247 4802 qui
1266 4702 1443 4777 habitatis
1460 4700 1603 4774 orbem.

484 4804 575 4874 Aria.
594 4798 752 4899 Adjritor
771 4806 809 4877 in
830 4802 1145 4878 tribulationibus.
1179 4803 1331 4901 Quique
1365 4802 1589 4904 terrigenae,
1617 4811 1656 4873 et
1683 4794 1754 4871 filii
1777 4789 1818 4868 bo

488 4901 576 4974 :iria
604 4901 760 5002 Magnus
777 4904 973 4977 Dominus.
1184 4903 1329 4974 minunr
1352 4929 1359 4973 :
1380 4903 1395 4931 *
1413 4899 1525 4974 simul
1542 4899 1581 4972 in
1605 4919 1726 4972 unum
1741 4892 1818 4968 din

690 5005 853 5078 Psainrus
879 5012 940 5078 ii.
1184 5013 1222 5073 et
1241 5023 1394 5100 pauper.

497 5133 499 5138 ·
539 5185 542 5196 ¹
592 5122 698 5172 renus
711 5099 914 5190 Dominus,
934 5115 972 5174 et
989 5099 1151 5174 iaudobi·
1178 5099 1232 5172 (is
1257 5124 1383 5172 meum
1401 5096 1576 5214 loquotur
1592 5093 1811 5194 sapiontiam

495 5113 578 5286 M
609 5197 653 5272 lis
667 5197 778 5270 nimis
801 5199 840 5268 :*
857 5199 895 5271 in
925 5199 1150 5273 civitoteDei
1185 5200 1199 5228 *
1226 5211 1264 5270 et
1288 5196 1484 5271 meditouo
1510 5193 1635 5270 conlis
1654 5193 1732 5270 mei
1761 5215 1818 5294 pn

490 5298 635 5385 nostri,
669 5298 708 5369 in
742 5310 870 5370 monte
904 5312 1033 5372 sancto
1056 5298 1146 5396 ejus.
1185 5296 1364 5371 de'ntiam.
