4509 6209
879 679 979 748 i'eria
999 679 1127 773 quinta
1152 677 1197 750 ad
1219 680 1376 751 Matutin
1386 704 1461 750 um.
1780 667 1833 754 8Ῑ

496 819 537 887 it
552 811 672 886 redde
701 812 833 888 vicinis
855 814 991 888 nostris
1028 813 1151 914 se'ptu·
1187 815 1294 912 ejus,
1335 816 1349 844 *
1392 828 1430 889 et
1466 814 1700 890 vindemiant
1755 841 1839 891 eam

496 911 594 1009 ilum
616 913 658 986 in
684 912 768 985 sinu
794 910 924 986 erirum
952 913 995 985 t*
1014 915 1151 1014 impro·
1184 937 1314 986 omnes
1342 970 1350 1004 ,
1387 914 1451 1014 qui
1483 915 1841 1017 pretergrediirntur

496 1011 637 1106 serium
655 1010 851 1109 ipserum,
879 1011 980 1111 quod
1019 1037 1150 1113 expro·
1183 1013 1282 1085 siam
1311 1012 1330 1083 i

496 1110 696 1184 >raserunt
712 1110 801 1202 tibi,
827 1109 999 1184 deine.
1182 1106 1454 1186 Fatermindvit
1469 1136 1552 1185 eam
1567 1137 1657 1210 aper
1664 1111 1712 1186 de
1725 1113 1816 1186 silva
1831 1143 1838 1184 :

496 1215 562 1282 *ios
583 1222 714 1283 autern
725 1207 883 1309 pipulus
899 1223 998 1300 tuus,
1015 1223 1054 1284 et
1065 1237 1151 1284 oves
1183 1210 1198 1238 *
1216 1224 1255 1283 et
1269 1209 1466 1311 singuidds
1481 1211 1586 1284 ierus
1602 1205 1776 1311 depsistus
1786 1227 1843 1286 est

496 1308 636 1408 piseuae
653 1321 726 1382 tuae
746 1365 755 1400 ‚
772 1312 787 1340 ”
804 1308 1071 1382 confitebimur
1083 1309 1150 1383 tibi
1183 1333 1277 1383 eam.

496 1409 530 1480 in
545 1407 738 1481 saecuium.
1183 1413 1277 1481 Deus
1302 1408 1511 1498 viridium,
1549 1410 1797 1484 convertere:
1828 1410 1841 1437 '

496 1513 532 1579 in
565 1503 849 1607 generatidnem
879 1517 918 1579 et
945 1503 1151 1606 generatid·
1185 1507 1325 1604 respice
1350 1506 1398 1581 de
1428 1507 1547 1597 coelo,
1584 1521 1623 1580 et
1662 1508 1775 1601 vide,
1804 1522 1842 1583 et

496 1628 581 1677 rem
606 1605 621 1635 *
659 1603 968 1679 annuntisibimus
1000 1604 1150 1678 laudem
1183 1604 1291 1678 visita
1306 1606 1455 1679 vineam
1474 1607 1596 1679 istam.

496 1717 611 1776 tuam.
1182 1704 1379 1802 Etpsiriice
1393 1730 1476 1779 eam
1494 1762 1503 1797 ,
1524 1730 1638 1803 quam
1660 1705 1842 1804 piantivit

700 1804 866 1879 ,l‘saimus
889 1809 948 1878 10.
1184 1800 1338 1878 dextera
1373 1818 1438 1877 tua
1469 1833 1476 1875 :
1509 1807 1524 1832 '
1560 1818 1598 1877 et
1638 1828 1751 1902 super
1787 1804 1841 1877 fi-

570 1927 606 1975 ur
631 1902 727 2004 regis
749 1900 886 1994 lsrael,
914 1900 1103 1975 intende:
1136 1902 1151 1933 *
1184 1900 1277 1974 lium
1303 1902 1482 1995 hdminis,
1504 1927 1616 2001 quem
1643 1896 1840 1977 confirmi·

496 1918 569 2131 O
607 2002 674 2100 qui
713 2000 868 2075 dedrieis
901 2001 1006 2074 velut
1043 2026 1150 2075 ovem
1184 2001 1230 2074 sti
1257 2001 1337 2075 tibi.

588 2100 741 2199 Joseph.
1186 2101 1341 2173 incensa
1375 2101 1470 2201 igni,
1502 2113 1541 2172 et
1569 2099 1725 2174 suiidssa
1749 2103 1765 2132 ⁶
1792 2100 1841 2174 ab

496 2199 558 2289 [rui
585 2199 693 2272 sedes
728 2224 840 2298 super
879 2197 1110 2288 Che'rubim,
1136 2200 1151 2230 *
1186 2198 1440 2298 increpatidne
1488 2199 1613 2273 vultus
1647 2199 1700 2272 tui
1738 2200 1841 2301 peri-

496 2299 736 2372 maniiestire
776 2323 905 2372 eoram
942 2297 1149 2397 Ephraim,
1185 2296 1293 2371 bunt.

497 2396 714 2494 renjamin,
738 2410 777 2470 et
793 2396 976 2470 Mandsse.
1185 2397 1270 2470 Fiat
1301 2420 1435 2469 manus
1472 2410 1537 2471 tua
1574 2421 1687 2496 super
1718 2397 1842 2470 virum

497 2495 620 2569 Excita
689 2496 845 2569 te'ntiam
859 2509 977 2587 tuam,
997 2510 1036 2569 et
1050 2495 1150 2589 veni,
1186 2493 1346 2569 de'xterae
1377 2509 1449 2568 tuae
1483 2525 1491 2569 :
1523 2498 1537 2526 ²
1573 2510 1611 2569 et
1649 2521 1761 2594 super
1788 2495 1842 2569 fi-

505 2596 573 2668 ‘ut
593 2522 715 2668 saiiis
732 2595 849 2668 ficies
870 2619 951 2668 nos.
1186 2593 1277 2667 lium
1304 2588 1842 2695 hdminis,quemc0nfirm1i·

502 2698 605 2785 teus,
640 2694 817 2768 conve'rte
847 2719 916 2767 nos
947 2721 955 2766 :
985 2693 1000 2724 *
1034 2707 1073 2767 et
1097 2718 1152 2767 os·
1185 2694 1231 2767 sti
1250 2693 1330 2767 tibi.

501 2793 604 2866 tende
638 2789 777 2867 fdciem
819 2806 946 2884 tuam,
987 2807 1026 2866 et
1062 2792 1152 2866 salvi
1185 2798 1319 2867 Etnon
1339 2791 1611 2866 discedimusa
1642 2807 1701 2883 te,
1725 2792 1842 2866 vivifi-

500 2891 645 2965 e'rimus.
1185 2885 1287 2965 edbis
1304 2916 1371 2965 nos
1389 2919 1397 2964 ε
1416 2893 1432 2923 *
1450 2905 1489 2966 et
1507 2915 1646 2965 nomen
1663 2906 1772 2966 tuum
1788 2893 1843 2965 in·
1878 2893 1879 2897 ’

499 2989 648 3065 dimine
673 2991 773 3065 Deus
789 2989 971 3063 virttitum
990 3046 998 3079 ,
1018 2990 1035 3020 *
1061 3015 1152 3089 quo·
1185 2984 1413 3064 voedbimus.

496 3088 608 3189 iisque
621 3089 791 3163 irasceris
812 3114 923 3189 super
944 3089 1152 3163 oratidnem
1186 3091 1342 3164 ltdmine
1377 3091 1477 3163 Deus
1510 3090 1716 3178 virtritum,
1746 3113 1841 3162 con-

496 3190 587 3263 sewi
615 3189 697 3262 tui?
1184 3189 1288 3263 ve'rte
1305 3214 1374 3263 nos
1403 3217 1411 3261 ε
1434 3193 1449 3220 ”
1467 3203 1507 3262 et
1530 3188 1684 3262 ostende
1704 3180 1842 3262 ficiem

496 3286 642 3362 (libabis
663 3311 733 3361 nos
752 3311 848 3385 pane
873 3286 1150 3386 lacrymdrum:
1187 3301 1290 3361 tuam
1309 3346 1317 3378 ‚
1334 3302 1373 3361 et
1388 3287 1478 3361 salvi
1495 3288 1647 3362 erimus.

496 3384 564 3460 'et
580 3401 711 3504 potum
728 3385 836 3460 dabis
849 3385 956 3459 nobis
973 3386 1014 3459 in
1028 3385 1154 3486 licry-
1185 3389 1279 3462 Aria⁴
1300 3388 1487 3485 Propitius
1497 3401 1576 3461 esto
1598 3377 1759 3487 percitis
1771 3410 1844 3460 no—

496 3486 621 3560 mism
633 3482 838 3560 mensrira?
1185 3485 1474 3581 stris,deine.

496 3585 650 3660 Posuisti
666 3608 736 3658 nos
753 3584 792 3657 in
816 3582 1152 3658 contradictidnem
1233 3590 1304 3660 Per
1328 3586 1507 3673 Annum,
1545 3589 1583 3665 i.
1617 3582 1845 3659 Gaudeimnt

496 3682 624 3759 vicinis
639 3683 776 3758 nostris
795 3707 806 3757 ε
826 3684 842 3715 *
867 3697 907 3758 et
921 3682 1062 3756 inimici
1080 3707 1155 3756 no-
1185 3675 1285 3756 ldbia
1297 3707 1383 3757 mea
1403 3741 1411 3775 ,
1436 3708 1524 3756 eum
1541 3676 1741 3756 cantivero
1760 3683 1840 3759 tibi.

496 3783 560 3856 stn'
575 3781 902 3857 subsannaverunt
918 3807 999 3855 nos.
1186 3799 1224 3882 r).
1245 3784 1295 3855 Et
1312 3776 1438 3856 dnima
1462 3807 1571 3874 mea,
1596 3807 1710 3882 quam
1737 3783 1841 3858 rede·

496 3886 592 3957 Deus
616 3883 823 3972 simitum,
852 3881 1027 3955 converte
1052 3904 1120 3953 nos
1141 3908 1150 3953 ε
1185 3882 1299 3955 misti.

496 3978 512 4007 '
538 3994 577 4055 et
598 3979 756 4056 ostdnde
787 3975 925 4056 ficiem
952 3993 1085 4072 tuam,
1115 3995 1154 4054 et
1236 3987 1306 4056 Pro
1325 4009 1400 4055 uno
1428 3986 1567 4067 Mart,
1596 3986 1632 4062 i.
1656 3980 1785 4055 Gldria
1806 3995 1844 4056 et

496 4079 583 4154 salvi
610 4080 763 4156 e'rimus.
1185 4079 1329 4153 hondre
1345 4074 1531 4152 corona'sti
1548 4104 1648 4170 eum,
1668 4081 1842 4154 deine.

501 4178 651 4254 Vineam
665 4178 714 4253 de
730 4180 891 4279 AEgypto
905 4176 1124 4252 transtulisti
1142 4206 1150 4251 :
1188 4194 1225 4277 iq.
1240 4177 1520 4252 Eteonstituisti
1534 4202 1621 4250 eum
1634 4203 1746 4277 super
1761 4177 1845 4278 ‹ipe-

498 4276 512 4303 '
540 4279 679 4378 ejecisti
714 4291 872 4380 gentes,
909 4291 948 4352 et
975 4277 1152 4377 plantdsti
1186 4303 1228 4351 ra
1246 4271 1427 4351 minuum
1450 4269 1613 4350 tudrum.

498 4400 592 4451 enm.
1236 4383 1307 4452 Pro
1322 4382 1418 4478 plur.
1448 4383 1574 4466 Mart,
1597 4381 1632 4456 i.
1647 4367 1840 4448 Laetzimini

503 4483 576 4551 Dux
593 4474 738 4549 itineris
762 4474 866 4549 fuisti
893 4474 933 4548 in
951 4475 1153 4575 eonspdctu
1186 4475 1226 4548 in
1251 4476 1414 4549 deino
1448 4488 1487 4548 et
1520 4466 1704 4565 exultzite,
1735 4474 1839 4572 justi.

498 4575 573 4674 ejus
607 4577 649 4648 :*
684 4574 859 4674 plantdsti
885 4573 1029 4648 radices
1055 4574 1148 4674 ejus,
1189 4590 1226 4675 ri).
1255 4576 1305 4648 Et
1336 4566 1575 4675 gloriimini,
1600 4596 1732 4647 omnes
1751 4574 1842 4648 recti

498 4689 535 4751 et
555 4673 726 4775 implevit
746 4686 899 4746 terram.
1186 4673 1312 4749 eorde.

498 4774 651 4873 (tpdruit
672 4785 820 4846 montes
840 4771 976 4846 umbra
1005 4771 1084 4887 ejus
1108 4801 1117 4846 ε
1137 4774 1152 4804 *
1236 4780 1306 4850 Pro
1321 4776 1430 4847 Comi.
1449 4779 1573 4864 Pone,
1588 4788 1626 4848 et
1643 4797 1717 4848 non
1735 4775 1841 4848 Porri.

496 4886 534 4946 et
550 4872 703 4946 arbrista
719 4871 798 4944 e'us
815 4871 947 4946 cedros
964 4874 1045 4946 Der.
1187 4877 1224 4953 ,t
1242 4868 1391 4944 Amrivit
1407 4895 1493 4944 eum
1507 4869 1708 4959 deinm,
1724 4882 1764 4943 et
1778 4894 1844 4943 or·

497 4970 672 5047 extendit
688 4898 859 5070 pdimites
875 4996 1014 5046 suosus
1040 4996 1088 5043 ue
1104 4962 1153 5043 id
1187 4963 1291 5044 nisit
1306 4995 1406 5043 eum.
1431 4985 1468 5071 r).
1478 4969 1619 5043 Stolam
1637 4969 1765 5072 gleriae
1777 4968 1842 5042 in-

496 5094 639 5146 mare:
675 5072 758 5142 *et
788 5069 976 5170 usquead
1009 4996 1153 5145 damen
1186 5068 1269 5143 duit
1291 5094 1390 5144 eum.

496 5171 719 5272 propigines
737 5168 829 5267 ejus.
1238 5175 1308 5243 Pro
1343 5196 1416 5245 una
1461 5172 1616 5256 saneim
1649 5172 1685 5248 ri.
1712 5157 1842 5266 spicis

496 5278 541 5346 [t
573 5270 667 5369 quid
693 5265 910 5344 destruxisti
948 5268 1152 5343 maceriam
1188 5280 1276 5359 tua,
1335 5279 1373 5341 et
1426 5265 1705 5365 pulchritddine
1758 5277 1837 5341 tue.
