4509 6209
957 663 1121 739 Sabbutu
1155 665 1201 739 ad
1228 665 1385 740 Laudes.
1785 667 1852 737 tot

497 795 573 873 Sed
612 809 766 896 propter
789 797 885 872 irem
904 798 1160 873 'inimicdrum
1195 794 1342 895 idipes,
1378 796 1392 825 *
1420 810 1459 869 et
1476 795 1658 872 bibe'bant
1674 804 1803 879 vinum
1820 808 1857 882 li·

501 894 627 968 distuli
657 924 664 967 :
692 897 708 926 *
736 920 783 970 ne
800 897 899 971 forte
926 897 1163 997 superbirent
1195 891 1416 968 baiminum:

499 993 627 1068 hostes
639 995 798 1068 edmm:
1087 1018 1095 1033 ·
1192 1006 1371 1092 Surgunt,
1404 1009 1442 1067 et
1457 997 1689 1094 opitulentur
1700 1002 1821 1093 vobis,
1839 1008 1854 1034 *

496 1093 732 1169 indicerent
752 1122 761 1167 ε
789 1096 922 1168 Manus
951 1110 1080 1170 nostra
1100 1123 1161 1172 ex·
1195 1093 1284 1164 etin
1304 1095 1522 1169 necessittite
1539 1120 1602 1169 vos
1616 1099 1684 1194 prb
1749 1118 1827 1178 ant.

498 1189 615 1284 ee'lsa,
637 1207 676 1267 et
703 1218 779 1266 non
797 1195 997 1286 deinus,
1028 1196 1043 1226 *
1070 1197 1163 1271 feeit
1193 1189 1325 1272 i‘idtite
1352 1192 1454 1290 qnod
1485 1219 1554 1294 ego
1585 1197 1655 1268 sim
1687 1113 1806 1293 tsiiirrs,
1842 1206 1855 1231 '

498 1291 579 1381 haee
597 1294 739 1365 emnia.
1195 1303 1234 1362 et
1272 1316 1347 1364 non
1387 1293 1435 1365 sit
1464 1293 1557 1365 silius
1595 1294 1688 1370 deus
1724 1314 1857 1396 preter

496 1397 592 1466 fiens
606 1390 748 1491 absque
763 1389 917 1466 consilio
934 1406 1003 1481 est,
1025 1407 1064 1468 et
1081 1396 1160 1468 sine
1196 1414 1257 1462 me
1276 1417 1284 1461 τ

499 1482 714 1589 prudentia.
745 1491 760 1520 *
790 1492 942 1566 Utinam
965 1492 1159 1591 eriperent,
1195 1497 1275 1587 ttgo
1303 1488 1489 1580 occidam,
1520 1503 1559 1562 et
1585 1495 1792 1591 egovirere
1807 1497 1858 1570 fei·

500 1603 538 1662 et
569 1590 851 1691 intelligerent,
881 1616 925 1665 ac
963 1592 1163 1667 novissima
1196 1589 1292 1660 cium
1325 1617 1333 1660 :
1363 1589 1588 1687 percutiam,
1620 1605 1659 1664 et
1672 1617 1742 1694 ego
1755 1598 1858 1669 sami·

500 1689 758 1787 providerent!
1196 1686 1261 1777 bo,
1287 1688 1366 1763 *et
1392 1702 1543 1761 nonest
1572 1691 1636 1789 qui
1663 1690 1711 1766 de
1741 1719 1855 1767 manu

497 1787 697 1883 Qudmodo
713 1789 957 1887 persequitur
973 1815 1071 1863 unus
1085 1790 1164 1863 mil·
1196 1811 1281 1860 mea
1347 1789 1411 1860 ssit
1426 1789 1569 1860 erriere.

500 1885 555 1975 le,
573 1886 737 1961 'etduo
764 1888 899 1988 fugent
924 1887 1057 1962 decem
1081 1890 1162 1962 mil·
1197 1812 1346 1963 ttevaibd
1401 1885 1448 1959 ad
1507 1886 1642 1960 eoelum
1700 1914 1855 1963 manum

502 1985 573 2058 tia?
1197 2008 1338 2074 meam,
1370 2000 1408 2058 et
1434 1984 1557 2058 dicem
1590 2014 1598 2057 :
1630 1987 1754 2063 *Vivo
1786 2014 1856 2090 ego

501 2092 633 2161 Nonne
649 2083 746 2176 ideo,
763 2086 852 2185 quia
866 2087 965 2159 Deus
979 2111 1067 2162 suus
1080 2083 1164 2160 vein·
1197 2083 1235 2155 in
1262 2083 1457 2156 aeternnm.

505 2181 598 2256 didit
611 2207 695 2275 eos,
714 2185 785 2258 *et
809 2186 992 2259 Diminus
1015 2186 1163 2260 conclti·
1194 2183 1233 2262 Si
1262 2184 1396 2256 acriero
1438 2197 1481 2256 ut
1521 2183 1651 2284 fulgur
1688 2186 1857 2286 glridium

506 2284 549 2355 sit
561 2281 673 2355 illos?
1197 2307 1341 2371 meum,
1366 2283 1437 2355 *et
1453 2284 1653 2382 arripuerit
1668 2285 1852 2383 judicium

507 2389 583 2460 ion
598 2381 700 2455 enim
716 2396 772 2455 est
795 2384 893 2457 Deus
907 2397 1036 2457 noster
1055 2399 1099 2457 ut
1112 2384 1164 2457 dii
1197 2405 1331 2452 manns
1345 2406 1431 2453 mea
1449 2409 1457 2452 :

508 2481 634 2553 edrum
655 2482 695 2552 z*
716 2495 754 2555 et
779 2482 920 2556 inimici
937 2485 1052 2557 nostri
1076 2498 1165 2557 sunt
1198 2477 1733 2561 tteddamultidnemhdstibus
1747 2485 1853 2571 meis,

507 2578 657 2676 judices.
1197 2579 1212 2606 *
1228 2577 1352 2670 ethis,
1382 2581 1446 2677 qui
1473 2578 1634 2653 oderunt
1654 2606 1734 2673 me,
1755 2585 1858 2656 retri-

512 2687 558 2755 ite
574 2679 683 2751 vinea
700 2677 962 2770 Sodomdrnm,
982 2679 1091 2755 vinea
1105 2683 1163 2754 ed·
1197 2673 1326 2750 buam.

515 2800 608 2867 mm,
626 2781 641 2806 *
659 2792 696 2851 et
710 2777 757 2850 de
772 2776 995 2853 suburbinis
1012 2779 1165 2854 Gomdr·
1198 2774 1395 2854 inebrieibo
1424 2777 1576 2876 sagittas
1598 2801 1703 2850 meas
1716 2780 1860 2899 singni-

513 2874 609 2951 rhae:
951 2954 953 2959 ,
1197 2899 1262 2966 ne,
1282 2876 1348 2948 *et
1374 2875 1519 2976 glidius
1546 2900 1652 2949 meus
1666 2876 1860 2952 devorabit

517 2977 729 3053 tuaerirum
743 3000 817 3048 uva
836 2975 955 3068 fellis,
978 2978 1046 3052 *et
1065 2977 1164 3052 botri
1198 2999 1344 3063 carnes,
1727 3052 1731 3059 ,

520 3075 738 3148 amarissimi.
1200 3087 1249 3154 tte
1276 3075 1408 3146 crudre
1431 3073 1656 3165 occisdrum,
1696 3075 1775 3148 *et
1812 3077 1859 3150 de

520 3172 567 3247 i'ei
594 3174 804 3248 draednum
831 3174 961 3249 vinum
982 3176 1164 3265 ebrum,*
1198 3173 1428 3269 captivitzite,
1460 3172 1591 3246 nuditi
1619 3174 1858 3248 inimicdrum

521 3284 548 3343 u
568 3273 754 3346 venenum
781 3266 952 3372 dspidum
982 3274 1165 3348 insandbi·
1198 3272 1341 3369 cepitis.

518 3365 555 3443 ie.
1200 3369 1384 3459 tundite,
1401 3383 1548 3470 gentes,
1566 3371 1746 3469 pdpnlum
1762 3372 1858 3469 ejus,

512 3474 635 3545 Nonne
662 3468 742 3544 haec
773 3470 925 3546 cdndita
950 3485 1038 3545 sunt
1065 3473 1165 3571 apud
1199 3469 1213 3498 *
1232 3470 1320 3567 qnia
1338 3470 1558 3568 stinguinem
1573 3473 1765 3543 serverum
1780 3473 1861 3544 sud·

511 3587 593 3657 me,
622 3571 638 3600 *
668 3584 706 3644 et
735 3570 881 3671 signiter
910 3573 950 3645 in
982 3570 1165 3645 thesiuris
1200 3594 1284 3639 rum
1300 3567 1523 3641 ulciscitur:

510 3669 621 3743 meis?
1201 3679 1247 3747 Εἰ
1267 3664 1471 3739 vindictam
1487 3666 1668 3741 retribuet
1680 3668 1719 3739 in
1738 3666 1862 3742 hostes

506 3772 588 3847 ,trra
610 3782 667 3841 est
686 3768 800 3859 riltio‚
821 3783 859 3842 et
920 3768 1165 3842 oretribuam
1199 3766 1349 3855 edrum,
1380 3766 1396 3795 *
1422 3780 1461 3838 et
1474 3767 1655 3864 propitius
1669 3768 1741 3840 erit
1756 3781 1862 3842 terrae

507 3864 547 3942 in
560 3868 749 3965 te'mpore,
771 3868 785 3897 *
802 3882 843 3941 ut
858 3794 1005 3941 dicitur
1020 3893 1084 3966 pes
1098 3870 1165 3942 eei-
1200 3863 1327 3964 peipuli
1342 3864 1411 3936 sui.

507 3988 618 4040 rum:
1198 3975 1289 4047 Afra,
1327 3965 1422 4036 Date
1450 3962 1750 4063 magnitudinem
1783 3967 1864 4040 Deo

501 4069 622 4139 turta
645 4077 701 4138 est
725 4064 805 4137 dies
831 4063 1066 4162 perditidnis,
1100 4066 1168 4139 *et
1198 4074 1339 4136 nostro.

507 4163 829 4255 addsseiestinant
846 4163 1029 4263 te'mpora.
1199 4174 1289 4245 Ar'm.
1326 4163 1368 4234 ln
1401 4158 1580 4259 cymbulis
1608 4159 1865 4236 benesoneinti·

502 4260 694 4337 tudictbit
748 4263 931 4347 deinus
986 4263 1167 4362 pdpuium
1201 4259 1271 4333 bus
1297 4259 1447 4333 laudite
1465 4261 1599 4331 Deum.
1618 4273 1672 4343 1³⁵,
1693 4254 1864 4340 Laudeite

509 4386 635 4454 suum,
656 4363 672 4390 *
694 4375 733 4436 et
753 4363 792 4435 in
820 4365 933 4437 servis
957 4363 1038 4451 ¹suis
1064 4363 1169 4436 mise·
1200 4360 1404 4432 deinum
1419 4359 1466 4432 de
1481 4359 1595 4434 coelis.
1615 4363 1675 4432 50.

511 4458 678 4535 rdbiiur:
837 4544 840 4549 ,
1049 4541 1052 4545 .
1287 4468 1511 4567 Capitulum,
1532 4463 1638 4529 Rom.
1660 4457 1766 4532 i3.d

509 4559 662 4637 videbit
688 4557 790 4659 quod
816 4559 1007 4634 infirmita
1031 4562 1080 4634 sit
1095 4586 1170 4634 ma·
1269 4582 1330 4630 ·ox
1349 4556 1549 4655 praeceissit,
1566 4556 1645 4629 dies
1660 4571 1787 4631 autem
1807 4581 1866 4655 ap·

514 4680 605 4751 nus,
635 4660 652 4690 *
683 4672 721 4733 et
747 4658 861 4733 clausi
893 4682 1041 4758 quoque
1071 4659 1171 4735 defe-
1200 4580 1268 4756 N
1309 4649 1572 4755 propinquivit
1602 4683 1610 4727 :
1646 4648 1865 4755 abjicidmus

516 4756 671 4851 ce'runt,
711 4757 921 4858 residuique
958 4759 1169 4859 consiimpti
1203 4779 1292 4856 ergo
1319 4757 1434 4852 ‹ipera
1462 4752 1726 4847 tenebrimm‚
1758 4769 1796 4830 et
1810 4758 1863 4827 in·

520 4870 609 4930 sunt.
1203 4848 1366 4927 dueimur
1382 4878 1489 4926 arma
1503 4853 1595 4926 lucis
1613 4881 1621 4925 :
1640 4855 1736 4931 sicut
1750 4855 1788 4928 in
1804 4854 1864 4930 die

517 4940 706 5046 Etdieet:
736 4956 807 5032 Ubi
826 4969 915 5029 sunt
939 4953 991 5029 dii
1019 4957 1168 5048 einum,
1204 4954 1358 5028 honeste
1372 4950 1623 5026 ambulemus.

526 5050 539 5077 *
573 5055 610 5128 in
653 5056 789 5156 quibus
830 5053 1024 5130 hebebant
1070 5055 1171 5130 fidrt-
1439 5064 1647 5136 linimus..

529 5150 633 5226 eiam?
1229 5235 1231 5241 ¹
1282 5147 1585 5250 montjarrispar
1625 5150 1794 5249 tpolum,

530 5255 574 5322 lte
586 5278 740 5351 qnorum
754 5252 912 5329 victimis
926 5251 1174 5329 comedebant
1223 5178 1276 5342 b
1294 5251 1418 5325 Terris
1432 5250 1511 5325 dies
1525 5176 1690 5325 dubitur
1708 5278 1716 5322 :
