4509 6209
467 714 541 765 xxx
694 683 902 757 Commune
922 679 1032 750 unius
1050 676 1160 748 Mart.
1182 674 1270 747 Aliae
1288 676 1391 746 Leet.
1409 677 1473 748 ΙΙΙ.
1493 678 1594 751 nou.

473 832 580 905 dium
599 836 778 901 etrestra
798 820 1005 922 largimini.
1033 817 1133 911 Quid
1253 817 1421 892 Homilia
1445 821 1566 896 sancti
1588 823 1701 912 tritu,

475 930 625 1003 veroin
648 925 721 999 hoc
749 920 909 997 lectione
927 919 1049 1010 dicat,
1070 944 1133 991 au·
1400 920 1586 1092 EpiscoXi.

432 1069 436 1077 ·
478 1030 625 1101 dicimus
647 1053 655 1097 :
677 1023 748 1119 Qui
770 1022 852 1096 vult
876 1032 960 1119 post
980 1043 1042 1091 me
1066 1042 1136 1090 re·
1234 1020 1335 1088 Com.
1362 1025 1401 1089 in
1430 1025 1529 1093 Mate
1559 1026 1701 1093 ‚canit

479 1127 579 1216 nire,
605 1124 770 1223 dbnegct
798 1118 1053 1216 semetipsum.
1080 1116 1135 1189 lbi
1252 1141 1378 1190 oremus
1391 1116 1621 1220 diemjudicii
1634 1113 1701 1193 oste‘r

480 1226 637 1309 dicitur,
657 1237 701 1297 ut
726 1220 955 1322 abnegemus
976 1230 1105 1291 nostra
1126 1244 1134 1287 ε
1279 1240 1362 1313 quae
1389 1217 1597 1292 abstritsam
1616 1220 1702 1292 solunt

480 1326 543 1397 hic
569 1323 782 1412 dicitur„ut
794 1318 1024 1419 abnegemus
1053 1340 1135 1388 nos.
1173 1328 1309 1388 nostrae
1344 1318 1612 1392 conscienciam
1636 1318 1702 1417 prod

480 1426 532 1496 Et
549 1418 703 1495 sortisse
721 1420 950 1494 laboriosum
980 1441 1058 1489 non
1084 1429 1140 1488 est
1175 1426 1213 1485 et
1237 1439 1379 1513 caquae
1406 1442 1511 1491 nunc
1530 1415 1702 1492 occultati

480 1519 628 1594 heimini
671 1519 881 1617 relinquere
916 1541 984 1590 sua
1017 1543 1025 1587 ι
1074 1514 1140 1587 sed
1174 1505 1352 1605 meintur,
1389 1517 1476 1591 luce
1509 1515 1694 1617 cognitionis

482 1619 836 1693 ualdelaboridsum
856 1629 913 1689 est
930 1614 1141 1712 relinquere
1174 1612 1280 1686 blicae
1306 1614 1469 1716 deteget.
1499 1616 1514 1687 Ι
1542 1617 1611 1688 itur
1631 1639 1687 1687 uon

484 1720 739 1815 semetipsum.
756 1717 880 1789 trinus
897 1716 1034 1812 quippe
1060 1727 1137 1796 est,
1175 1736 1268 1802 nas,
1305 1738 1383 1787 non
1420 1739 1523 1788 const
1541 1716 1592 1803 ἐ,
1623 1736 1702 1810 ιιοιι

484 1818 673 1918 abuegdre
702 1813 804 1912 quod
840 1813 957 1886 habet
994 1840 1001 1883 :
1032 1811 1142 1885 ualde
1175 1809 1289 1883 suites
1306 1806 1573 1887 insectzintium
1595 1825 1693 1884 monet

483 1931 611 1990 nutem
645 1915 808 1988 multum
837 1926 918 2003 εει,
954 1911 1142 2012 abnegdre
1175 1910 1399 1985 metuendas
1430 1940 1438 1984 :
1470 1913 1560 2011 quia
1589 1911 1658 1984 dies
1673 1912 1702 2004 ju

483 2015 586 2113 quod
617 2026 685 2087 εει.
1177 2008 1280 2081 nulla
1310 2009 1390 2084 haec
1421 2012 1534 2085 fuisse
1561 2024 1661 2108 atque
1677 2013 1702 2081 iu

361 2169 364 2174 -
487 2127 524 2209 rt.
540 2115 609 2187 llic
626 2126 684 2186 εει
707 2135 806 2186 rere.
827 2110 925 2209 xxxj.
1176 2107 1366 2184 revelzibit.
1398 2114 1448 2186 Et
1471 2110 1572 2209 quod
1601 2110 1703 2182 dicor

724 2209 850 2282 Lectio
868 2210 917 2280 ix.
1176 2207 1214 2279 in
1246 2200 1431 2301 te'nebris,
1451 2209 1565 2283 dicite
1591 2210 1627 2280 iu
1648 2208 1703 2280 lini

513 2386 515 2390 ,
559 2337 582 2383 ιι
608 2335 647 2383 εε
670 2325 798 2382 autem
829 2306 938 2381 uobis
963 2304 1141 2379 venienti·
1176 2320 1214 2379 et
1249 2307 1350 2405 quod
1376 2310 1414 2381 in
1452 2332 1542 2382 aure
1575 2306 1689 2381 auditis

484 2328 561 2493 A
585 2409 654 2482 bus
672 2410 855 2482 Dominus
880 2406 1079 2505 praeceipit,
1100 2417 1144 2476 ut
1174 2405 1297 2479 dicite
1333 2432 1447 2504 super
1476 2420 1587 2482 tecta.
1609 2404 1703 2480 lton?

485 2509 744 2581 renuntiemus
759 2507 896 2580 nostris
925 2506 1039 2602 :quia
1056 2504 1143 2601 qui·
1175 2529 1259 2576 mus
1287 2507 1492 2579 Dominum
1525 2507 1666 2580 solitum
1689 2504 1703 2576 i

487 2610 649 2705 eumque
679 2606 727 2679 ad
760 2604 853 2678 fidei
888 2605 1050 2704 agonem
1075 2627 1143 2675 ιἐ-
1176 2604 1348 2677 noctibus
1381 2599 1699 2694 ser1nocindri,et

487 2706 637 2796 nimus,
663 2705 854 2777 luetdmcu
882 2718 1015 2776 contra
1031 2702 1144 2775 mali·
1175 2700 1336 2775 utrinam
1356 2704 1395 2775 in
1419 2704 1588 2778 tenebris
1605 2701 1703 2777 tradid

485 2828 581 2904 gnos
614 2802 763 2901 spiritus
808 2804 1004 2876 sumimus.
1041 2800 1142 2874 Nihil
1175 2800 1241 2874 scd
1293 2803 1382 2900 quia
1416 2805 1541 2876 omnis
1582 2828 1690 2876 sermo

487 2917 615 2976 autem
639 2902 796 3002 maligni
816 2902 967 3000 spiritus
1004 2902 1043 2972 in
1069 2900 1143 2973 hoe
1176 2901 1388 2974 carndlibus
1433 2902 1598 2976 tc'nebrae
1636 2914 1704 2974 suut

486 3002 630 3074 mundo
665 3001 861 3100 prdprium
904 3000 1096 3099 possident
1131 3027 1139 3071 ι
1176 3000 1331 3073 verbum
1345 3002 1423 3099 ejus
1438 3000 1650 3075 infidelibus
1664 3026 1704 3074 uo·

487 3101 579 3174 nudi
622 3126 711 3201 ergo
745 3125 831 3173 curn
870 3099 981 3172 nudis
1009 3099 1142 3172 luctdri
1181 3111 1218 3194 u).
1238 3099 1386 3173 Corona
1409 3101 1542 3175 durea.
1571 3102 1663 3199 xxvj.

487 3200 682 3273 dcbdmus.
700 3201 797 3273 Nam
820 3198 850 3272 si
876 3198 1029 3273 vestitus
1046 3200 1142 3297 quis·
1375 3200 1501 3271 Lectio
1530 3202 1604 3292 ciij.

488 3325 561 3397 que
586 3324 673 3372 cum
697 3298 801 3372 nudo
830 3298 1013 3388 luctt'ttur,
1034 3299 1142 3370 citius
1176 3310 1322 3476 Imeus
1358 3298 1397 3370 id
1433 3300 1538 3398 quod
1570 3324 1653 3373 ase
1677 3297 1704 3368 di

486 3400 537 3472 ad
557 3413 697 3471 terram
716 3398 903 3496 dejicitur,
923 3396 1145 3496 quiohabet
1237 3412 1312 3486 est,
1335 3422 1423 3470 cum
1463 3400 1636 3473 liberteite
1668 3398 1704 3469 fir

485 3497 588 3571 uude
607 3498 791 3571 ιειιεέιιιιι.
813 3496 911 3589 Quid
934 3498 1035 3570 enim
1056 3510 1144 3569 sunt
1176 3496 1418 3570 confessidnis
1449 3499 1532 3572 vult
1561 3524 1639 3571 esse
1662 3497 1704 3569 iu:

486 3598 638 3671 terrena
667 3596 824 3685 omnia,
868 3596 938 3667 nisi
970 3596 1141 3693 quaedam
1176 3595 1280 3667 dum.
1311 3595 1455 3669 Idcirco
1484 3623 1568 3695 quae
1597 3600 1635 3670 in
1662 3591 1705 3668 ιεί.

488 3696 657 3795 corporis
674 3694 932 3767 indumenta?
952 3695 1022 3788 Qui
1052 3720 1142 3794 ergo
1176 3694 1413 3786 dictasunt,
1435 3696 1627 3794 praediceiri
1650 3696 1705 3792 jus

487 3811 622 3868 contra
647 3793 841 3866 didbolum
873 3793 921 3865 ad
948 3794 1141 3867 certdmen
1176 3794 1339 3883 lcimiue3
1359 3810 1402 3867 ut
1418 3822 1502 3893 quae
1520 3796 1658 3869 secreto
1674 3788 1705 3866 iu

487 3896 681 3993 properat,
708 3892 936 3966 vestimenta
958 3893 1110 3992 abjiciat
1129 3951 1138 3983 ‚
1176 3892 1376 3966 commissa
1392 3909 1498 3985 sunt,
1515 3920 1626 3993 super
1642 3906 1704 3967 tect

486 4019 534 4067 ne
552 3990 786 4067 succumbat.
1174 4006 1253 4081 εει,
1286 3986 1430 4066 exce'lso
1464 3994 1689 4093 loquentium

487 4097 534 4168 Τε
558 4095 680 4166 Deum
699 4090 910 4163 lauddmrrs.
942 4094 1001 4164 tt.
1174 4091 1309 4183 cdnio,
1345 4086 1563 4167 audidntur.
1604 4095 1705 4164 Coust

613 4199 651 4266 3.
669 4188 778 4264 nun
803 4189 1001 4264 nonnum
1173 4190 1274 4264 enim
1317 4192 1386 4263 Dei
1421 4191 1629 4292 ingerenda
1657 4215 1705 4284 cog:¹

512 4297 545 4362 ἰιι
565 4293 679 4365 Pestis
710 4290 819 4361 unius
846 4289 1017 4388 Martyris
1041 4315 1114 4362 nou
1174 4303 1257 4378 εει,
1295 4303 1335 4362 ει
1377 4291 1611 4388 profundum
1642 4288 1702 4360 doc

663 4409 666 4415 '
710 4388 912 4463 Pontificis.
1173 4389 1395 4501 evangelicae
1411 4384 1597 4465 secretum
1625 4389 1660 4460 in
1675 4386 1704 4458 hi

579 4487 702 4560 tie'ctio
721 4487 839 4560 sancti
857 4487 1049 4586 Evangelii
1173 4486 1444 4584 praedicationis
1476 4487 1675 4588 apostolice
1704 4542 1706 4552 ,

575 4586 784 4660 secdndum
803 4585 1035 4660 Matthoeum.
1172 4585 1329 4659 lindum
1367 4614 1375 4658 :
1412 4613 1490 4662 nou
1524 4581 1684 4664 timentes

712 4688 835 4760 Lectio
855 4688 915 4782 vij.
1171 4685 1410 4784 quibuscum
1434 4689 1484 4762 sit
1505 4681 1651 4761 licentia
1674 4684 1703 4755 iu

693 4788 781 4882 Cap.
814 4787 874 4857 to.
912 4810 932 4855 c
1172 4809 1288 4881 pora,
1321 4799 1451 4860 tamen
1485 4787 1526 4859 in
1567 4788 1706 4859 enimam

482 4895 541 5060 ln
571 4879 636 4953 illo
660 4880 830 4980 ternpore
861 4883 1000 4956 :Dixit
1028 4883 1138 4954 Jesus
1172 4883 1318 4956 nullum
1352 4899 1441 4959 est:
1470 4885 1706 4960 sedunens

509 4978 736 5078 ,discipulis
776 4982 852 5054 suis
898 5010 906 5053 ε
944 4980 1048 5055 Nihil
1080 4995 1139 5054 est
1173 4983 1245 5055 tius
1273 4985 1421 5075 Deum,
1458 4986 1521 5059 cui
1558 4976 1707 5085 penicud

482 5078 680 5176 opertum,
714 5078 815 5175 quod
849 5105 928 5154 uon
957 5079 1137 5154 rerelribi·
1169 5080 1346 5181 gehenna
1369 5096 1409 5156 et
1433 5084 1571 5160 dnimae
1593 5098 1631 5160 et
1652 5080 1707 5172 ώη

483 5190 546 5251 tur
560 5200 572 5268 ;
608 5191 648 5251 ει
669 5177 890 5270 occdltum,
925 5180 1028 5279 quod
1059 5204 1136 5253 non
1170 5182 1218 5255 sit
1242 5182 1420 5278 potestas.

482 5276 634 5353 scietur.
653 5277 705 5350 Et
721 5275 876 5377 re'liqua.
1149 5241 1156 5355 i
1233 5279 1301 5354 llic
1317 5295 1493 5358 estsere.
1513 5284 1609 5385 xxvj.
