4509 6209
452 648 524 718 3t0
787 637 850 707 Die
881 639 975 731 txvj·
1006 631 1107 727 Maii·
1136 637 1172 706 S·
1197 643 1354 740 Philippi
1384 642 1499 714 Nerii.

450 779 645 854 manserit.
659 777 804 879 Vigiliis
823 793 861 853 et
878 764 1211 855 oratirinibus'ttiti
1252 779 1453 874 addictus,
1500 779 1551 855 ab
1600 777 1790 855 homitibus

451 881 643 969 intentus,
680 891 822 976 septem
850 877 962 954 Urbis
986 877 1110 953 Eccle·
1144 904 1292 979 semper
1321 878 1521 955 abhtirruit
1556 906 1566 951 :
1596 892 1711 979 atque
1742 904 1790 955 ee·

453 981 525 1052 sias
554 977 772 1076 frequenter
801 977 980 1070 visitans,
1009 978 1110 1076 apud
1145 978 1370 1055 clesiisticas
1416 974 1656 1081 dignittites,
1696 978 1791 1053 e'tiam

453 1071 711 1152 eoemete'rium
747 1076 888 1150 Callisti
928 1078 967 1149 in
998 1078 1112 1152 coele-
1145 1077 1365 1177 primarias,
1410 1103 1490 1153 non
1540 1076 1663 1153 semel
1711 1076 1792 1153 ultn

454 1178 568 1251 stium
610 1200 739 1249 rerum
793 1176 1111 1274 contemplatitine
1147 1177 1317 1270 delites,
1355 1174 1665 1255 constantissime
1701 1201 1792 1251 recu-

454 1275 678 1373 pernoctare
704 1268 909 1350 consuevit.
931 1276 1114 1351 Sacerdos
1145 1277 1252 1350 seivit.

454 1400 498 1447 cx
529 1373 745 1447 obedientia
775 1374 924 1467 faetus,
958 1376 996 1447 in
1032 1376 1113 1448 ani·
1144 1389 1180 1466 rt.
1216 1374 1368 1449 Amivit
1393 1400 1482 1449 eum
1516 1374 1735 1465 Dtiminus,
1766 1389 1790 1449 et

455 1474 603 1545 mirum
619 1472 739 1546 saltite
757 1473 994 1570 procuranda
1013 1487 1112 1548 totus
1147 1475 1297 1548 ornivit
1314 1498 1401 1549 eum
1422 1532 1430 1563 ‚
1452 1472 1594 1547 stolam
1610 1472 1789 1573 gliriaein-

455 1574 547 1663 i'nit3
580 1584 619 1645 et
648 1573 689 1643 in
720 1570 1013 1646 confessitinibus
1043 1598 1112 1646 au-
1146 1573 1228 1646 duit
1251 1598 1353 1647 eum.
1378 1570 1399 1609 *
1429 1576 1480 1647 Et
1502 1571 1554 1645 ad
1587 1587 1716 1672 portas

455 1671 602 1743 diendis
652 1669 699 1742 ad
750 1673 960 1746 extre'mum
995 1698 1112 1771 usque
1146 1673 1260 1746 radisi
1287 1665 1483 1747 corandrit
1503 1696 1610 1745 eum.
1629 1668 1664 1745 i‘.
1686 1672 1723 1744 ln
1749 1674 1786 1745 uit

457 1770 559 1843 diem
589 1769 855 1870 perseverans,
893 1770 1112 1846 innumeros
1147 1796 1233 1844 eum
1267 1772 1453 1844 deinus
1492 1770 1655 1845 loricam
1689 1770 1782 1845 iidei.

454 1893 549 1967 pene
599 1868 696 1941 filios
738 1867 886 1943 Christo
929 1872 1109 1969 peperit:
1147 1884 1184 1944 et
1211 1864 1361 1944 orneivit
1386 1895 1488 1944 eum.
1526 1870 1579 1944 Et
1603 1868 1653 1943 ad
1687 1884 1783 1968 portas

456 1993 549 2066 quos
576 1967 678 2040 verbi
709 1968 777 2040 Dei
805 1968 1025 2067 quotidiano
1049 1971 1112 2069 pa·
1147 1968 1322 2068 paradisi.

458 2066 569 2157 bulo,
590 2066 922 2141 sacramentorum
940 2063 1111 2169 freque'n·
1374 2066 1500 2136 Lectio
1527 2066 1576 2159 vj.

458 2167 532 2256 tia,
553 2166 733 2239 oratidnis
749 2166 988 2259 assiduitite‚
1008 2167 1112 2243 aliis·
1144 2178 1388 2345 priorarum.
1406 2165 1509 2239 dono
1538 2164 1774 2246 fuitilltistris.

457 2289 530 2362 que
560 2266 630 2362 piis
660 2265 989 2340 exercitatitinibus
1016 2294 1113 2343 enu-
1225 2266 1314 2339 etin
1330 2265 1547 2339 animrirum
1563 2264 1771 2361 sensibuspe·

459 2363 538 2436 triri
569 2364 742 2462 eripiens,
767 2364 927 2440 Orattirii
946 2369 1113 2468 Congre-
1149 2364 1343 2438 netrrindis
1361 2364 1522 2438 mirifice
1547 2364 1693 2438 enituit.
1716 2364 1769 2436 tir-

458 2463 649 2562 gatirinem
677 2463 849 2538 institnit.
1147 2464 1345 2564 ginitaitem
1390 2464 1577 2563 perpe'tuo
1619 2462 1767 2537 illibittu

458 2576 495 2659 nj.
525 2562 734 2636 Honestum
764 2565 853 2638 iecit
896 2565 1002 2637 illum
1040 2565 1113 2638 Dri-
1148 2564 1306 2636 servavit
1327 2590 1334 2635 :
1355 2560 1470 2661 idque
1497 2563 1688 2637 assecutus
1710 2574 1763 2645 est,

461 2663 605 2749 minus,
642 2675 680 2735 et
713 2663 912 2737 custodivit
943 2689 1030 2736 eum
1065 2662 1114 2737 ab
1147 2660 1604 2760 uteos,quipurititem
1623 2661 1760 2741 cdlennt.

459 2761 646 2852 inimicis,
679 2775 716 2835 et
742 2760 1112 2836 aseducttiribustu-
1149 2786 1194 2834 ex
1211 2760 1345 2853 odiu-e,
1382 2760 1565 2858 quivero
1593 2780 1760 2847 secunet

460 2860 551 2933 tavit
567 2859 697 2951 illum,
718 2864 738 2901 *
759 2863 807 2935 Et
824 2861 930 2936 dedit
958 2862 1010 2935 iili
1042 2862 1114 2935 cla·
1148 2861 1284 2935 foettire
1303 2858 1555 2962 digmisceret.
1580 2852 1757 2933 Abse'nrtbu

459 2959 608 3031 ritdtem
651 2960 844 3034 aeternam.
883 2961 919 3038 i.
963 2963 1114 3035 iustum
1148 2958 1339 3033 interdum
1373 2958 1569 3057 apperuit,
1603 2958 1755 3057 iisquept·¹

458 3056 615 3132 dedtixit
642 3058 827 3135 Dtiminus
855 3085 924 3160 per
951 3060 1030 3133 vias
1060 3085 1114 3134 re·
1150 3056 1401 3133 riclitaintibus
1416 3081 1530 3157 opem
1550 3057 1647 3131 tulit.
1670 3052 1755 3155 AEpi

459 3170 562 3248 etas,
591 3171 630 3231 et
659 3160 824 3233 ostendit
858 3159 910 3231 illi
956 3185 1115 3260 regnum
1151 3171 1207 3231 tos
1234 3158 1436 3256 plurimos,
1473 3169 1513 3229 et
1536 3156 1647 3230 morti
1672 3150 1753 3254 priti-

455 3257 536 3330 Dei.
556 3256 617 3330 Et.
1150 3283 1244 3347 mOS,
1262 3257 1411 3330 sanitdti
1426 3256 1604 3329 restituit.
1617 3255 1754 3328 iitirtuuu

693 3359 819 3431 Lectio
839 3385 872 3427 v.
1151 3381 1300 3455 quoque
1342 3355 1390 3429 ad
1433 3357 1550 3428 vitam
1597 3350 1752 3427 revoctvit.

532 3481 700 3527 nimrim
717 3456 786 3528 Dei
803 3454 1020 3528 vulneraitus
1037 3455 1114 3528 lan·
1151 3456 1363 3529 Coelistium
1382 3454 1604 3552 spirituum,
1632 3466 1665 3525 et
1681 3448 1754 3548 ipsiu

460 3468 528 3640 C
559 3553 700 3653 guebat
725 3555 869 3653 jrigiter
898 3582 905 3626 :
935 3556 1115 3654 tanttique
1150 3554 1318 3653 Deiparae
1357 3554 1543 3652 Virginis.
1589 3549 1753 3649 frequente

461 3678 526 3725 cor
554 3654 633 3750 ejus
662 3652 845 3727 aestuabat
879 3654 1039 3742 ardtire,
1074 3669 1116 3727 ut
1151 3655 1221 3726 suit
1252 3652 1489 3752 apparitione
1520 3651 1683 3752 dignitus
1706 3666 1753 3718 :st

459 3777 546 3824 eum
578 3755 677 3824 intra
704 3752 798 3825 fines
826 3778 910 3825 suos
928 3753 1116 3825 contineri
1150 3752 1397 3849 plurimorum
1430 3752 1578 3824 dnimas
1611 3744 1754 3849 splenditt

459 3875 537 3923 non
567 3865 712 3949 posset,
733 3852 834 3925 illius
858 3853 1003 3941 sinum,
1026 3877 1116 3924 con-
1151 3852 1398 3924 circumitisas
1417 3851 1454 3922 iu
1481 3851 1618 3924 coelum
1635 3840 1754 3922 conscire

458 3950 589 4022 frictis
615 3964 729 4048 atque
747 3950 853 4024 elatis
870 3950 1018 4024 duabus
1050 3953 1117 4024 cti-
1150 3951 1239 4024 dere
1273 3950 1380 4023 vidit.
1410 3950 1584 4047 Denique
1614 3970 1698 4021 anno
1723 3964 1753 4013 sa·

459 4049 586 4135 stuiis,
609 4048 832 4122 mirabiliter
848 4048 1029 4123 deinus
1043 4074 1117 4122 am·
1151 4050 1237 4122 luitis
1271 4049 1471 4122 millesimo
1508 4042 1755 4148 quingentesimo

459 4147 642 4243 pliiverit.
665 4148 822 4221 Sacrum
840 4174 929 4222 vero
947 4149 1111 4240 ficiens,
1150 4149 1397 4248 nonagesimo
1416 4150 1570 4246 quintu,
1593 4140 1705 4221 actim
1715 4138 1755 4211 ir

459 4259 524 4318 aut
554 4245 757 4319 ferventius
788 4272 924 4338 orans,
957 4249 996 4319 in
1027 4249 1114 4320 iera
1152 4247 1281 4320 lendas
1307 4248 1465 4337 minim,
1497 4249 1537 4320 in
1566 4270 1670 4345 quem
1689 4239 1753 4347 dien

460 4344 684 4444 (prandiique
714 4345 903 4436 sublitus,
925 4348 1023 4419 mira
1041 4347 1118 4419 tin-
1152 4348 1336 4420 inciderat
1351 4347 1493 4419 festum
1514 4345 1678 4446 Cinporis
1691 4336 1755 4413 Chr

460 4442 573 4542 dique
599 4444 683 4518 luce
709 4445 857 4546 fulgere
885 4447 985 4519 risus
1026 4446 1112 4519 fuir.
1151 4447 1218 4533 sti,
1250 4447 1361 4516 Sacro
1386 4446 1553 4518 maixime
1573 4444 1705 4545 spiritus
1717 4458 1755 4509 et·

461 4543 608 4639 egenos
627 4558 665 4617 et
695 4544 876 4644 piuperes
907 4545 1011 4617 omni
1030 4543 1116 4617 cha·
1154 4545 1335 4617 utraritne
1379 4545 1564 4641 peracto,
1601 4538 1755 4647 ceterisqtf

466 4642 584 4714 ritaitis
617 4643 745 4716 ossicio
814 4641 1114 4741 rosequebdtur:
1151 4642 1411 4716 funetitinibus
1436 4642 1612 4741 expletis,
1631 4652 1757 4741 postne

461 4738 617 4838 dignus,
644 4743 706 4841 qui
725 4758 764 4816 et
779 4671 921 4842 dngelo
939 4745 977 4816 in
996 4744 1117 4841 spe'cie
1153 4743 1253 4815 diam
1281 4756 1455 4829 noctem,
1485 4768 1562 4840 qua
1590 4738 1758 4841 praedixdtl

461 4839 636 4936 pauperis
670 4842 948 4941 eleemtispnam
980 4835 1117 4941 erogi-
1153 4830 1758 4941 t101·a,0ctogenatriusobdormit

462 4950 545 5026 ret3
573 4952 612 5011 et
638 4939 729 5011 dum
769 4941 965 5041 egentibus
999 4956 1114 5014 noctu
1152 4942 1191 5012 in
1233 4939 1409 5013 Dimino.
1456 4938 1637 5033 QuemG
1699 4930 1757 5005 '³¹¹¹‘

462 5060 600 5131 panem
642 5036 838 5128 deferret,
886 5042 924 5113 in
966 5040 1115 5112 faveam
1150 5040 1327 5113 Decimus
1352 5040 1508 5139 quintus
1535 5034 1649 5113 mirdc
1684 5024 1757 5107 isd*

461 5134 602 5232 lapsus,
623 5135 711 5210 inde
740 5139 880 5236 piriter
905 5137 953 5212 ab
972 5137 1116 5238 Angeia
1153 5166 1237 5212 rum
1268 5140 1307 5212 in
1351 5137 1575 5213 Sancttrum
1610 5135 1755 5214 numentffl

460 5233 659 5309 inediumis
692 5237 913 5336 eriperetur.
951 5238 1115 5311 Humili·
1151 5233 1290 5313 re'tulit.
