<?xml version="1.0" encoding="UTF-8"?>
<!DOCTYPE html PUBLIC "-//W3C//DTD XHTML 1.0 Transitional//EN"
    "http://www.w3.org/TR/xhtml1/DTD/xhtml1-transitional.dtd">
<html xmlns="http://www.w3.org/1999/xhtml" xml:lang="en" lang="en">
 <head>
  <title>
</title>
<meta http-equiv="Content-Type" content="text/html;charset=utf-8" />
  <meta name='ocr-system' content='tesseract 3.04.00' />
  <meta name='ocr-capabilities' content='ocr_page ocr_carea ocr_par ocr_line ocrx_word'/>
</head>
<body>
  <div class='ocr_page' id='page_1' title='image "./breviariumroman02brevgoog_0599.png"; bbox 0 0 4509 6209; ppageno 0'>
   <div class='ocr_carea' id='block_1_1' title="bbox 482 645 1611 722">
    <p class='ocr_par' dir='ltr' id='par_1_1' title="bbox 482 645 1611 722">
     <span class='ocr_line' id='line_1_1' title="bbox 482 645 1611 722; baseline 0.005 -7"><span class='ocrx_word' id='word_1_1' title='bbox 482 646 492 715; x_wconf 88' lang='lat' dir='ltr'>l</span> <span class='ocrx_word' id='word_1_2' title='bbox 698 647 903 717; x_wconf 75' lang='lat' dir='ltr'>Commune</span> <span class='ocrx_word' id='word_1_3' title='bbox 935 645 1166 719; x_wconf 83' lang='lat' dir='ltr'>Confessoris</span> <span class='ocrx_word' id='word_1_4' title='bbox 1198 650 1399 721; x_wconf 75' lang='lat' dir='ltr'>Pontiiiris.</span> <span class='ocrx_word' id='word_1_5' title='bbox 1432 650 1478 719; x_wconf 89' lang='grc' dir='ltr'>ΙΙ.</span> <span class='ocrx_word' id='word_1_6' title='bbox 1513 649 1611 722; x_wconf 72' lang='lat' dir='ltr'>Noct</span> 
     </span>
    </p>
   </div>
   <div class='ocr_carea' id='block_1_2' title="bbox 448 775 1811 5344">
    <p class='ocr_par' dir='ltr' id='par_1_2' title="bbox 448 775 1811 3139">
     <span class='ocr_line' id='line_1_2' title="bbox 486 775 1605 881; baseline 0.004 -30"><span class='ocrx_word' id='word_1_7' title='bbox 486 786 619 857; x_wconf 76' lang='lat' dir='ltr'>Omnia</span> <span class='ocrx_word' id='word_1_8' title='bbox 655 780 842 880; x_wconf 88' lang='lat' dir='ltr'>subjecisti</span> <span class='ocrx_word' id='word_1_9' title='bbox 878 781 949 855; x_wconf 91' lang='lat' dir='ltr'>sub</span> <span class='ocrx_word' id='word_1_10' title='bbox 982 775 1141 881; x_wconf 87' lang='lat' dir='ltr'>pe&#39;dibus</span> <span class='ocrx_word' id='word_1_11' title='bbox 1413 786 1543 858; x_wconf 77' lang='lat' dir='ltr'>Lectio</span> <span class='ocrx_word' id='word_1_12' title='bbox 1572 813 1605 856; x_wconf 79' lang='lat' dir='ltr'>r.</span> 
     </span>
     <span class='ocr_line' id='line_1_3' title="bbox 483 880 1806 980; baseline 0.003 -24"><span class='ocrx_word' id='word_1_13' title='bbox 483 884 583 979; x_wconf 78' lang='lat' dir='ltr'>ejus,</span> <span class='ocrx_word' id='word_1_14' title='bbox 615 882 631 913; x_wconf 89' lang='lat'><strong>*</strong></span> <span class='ocrx_word' id='word_1_15' title='bbox 657 907 743 955; x_wconf 81' lang='lat' dir='ltr'>oves</span> <span class='ocrx_word' id='word_1_16' title='bbox 773 895 811 957; x_wconf 90' lang='lat' dir='ltr'>et</span> <span class='ocrx_word' id='word_1_17' title='bbox 840 880 953 955; x_wconf 88' lang='lat' dir='ltr'>boves</span> <span class='ocrx_word' id='word_1_18' title='bbox 987 882 1142 954; x_wconf 76' lang='lat' dir='ltr'>univer-</span> <span class='ocrx_word' id='word_1_19' title='bbox 1259 902 1399 967; x_wconf 66' lang='lat' dir='ltr'>ntroin&gt;</span> <span class='ocrx_word' id='word_1_20' title='bbox 1433 880 1553 980; x_wconf 80' lang='lat' dir='ltr'>igitur</span> <span class='ocrx_word' id='word_1_21' title='bbox 1586 882 1806 961; x_wconf 73' lang='lat' dir='ltr'>inhaesere</span> 
     </span>
     <span class='ocr_line' id='line_1_4' title="bbox 483 897 1805 1110; baseline 0.005 -55"><span class='ocrx_word' id='word_1_22' title='bbox 483 1006 542 1055; x_wconf 89' lang='lat' dir='ltr'>sas</span> <span class='ocrx_word' id='word_1_23' title='bbox 570 949 764 1079; x_wconf 43' lang='lat' dir='ltr'>:heuper</span> <span class='ocrx_word' id='word_1_24' title='bbox 788 994 827 1054; x_wconf 86' lang='lat' dir='ltr'>et</span> <span class='ocrx_word' id='word_1_25' title='bbox 847 973 983 1079; x_wconf 87' lang='lat' dir='ltr'>pe‘cora</span> <span class='ocrx_word' id='word_1_26' title='bbox 1000 981 1138 1078; x_wconf 90' lang='lat' dir='ltr'>campi.</span> <span class='ocrx_word' id='word_1_27' title='bbox 1178 897 1336 1110; x_wconf 74' lang='lat' dir='ltr'>Octa</span> <span class='ocrx_word' id='word_1_28' title='bbox 1369 978 1478 1077; x_wconf 85' lang='lat' dir='ltr'><strong>plebe</strong></span> <span class='ocrx_word' id='word_1_29' title='bbox 1508 995 1637 1080; x_wconf 81' lang='lat' dir='ltr'>potest</span> <span class='ocrx_word' id='word_1_30' title='bbox 1663 989 1805 1061; x_wconf 70' lang='lat' dir='ltr'>essetis</span> 
     </span>
     <span class='ocr_line' id='line_1_5' title="bbox 486 1075 1803 1185; baseline 0.004 -32"><span class='ocrx_word' id='word_1_31' title='bbox 486 1075 660 1156; x_wconf 73' lang='lat' dir='ltr'>leucre&#39;s</span> <span class='ocrx_word' id='word_1_32' title='bbox 683 1081 787 1169; x_wconf 87' lang='lat' dir='ltr'>coeli,</span> <span class='ocrx_word' id='word_1_33' title='bbox 818 1094 856 1153; x_wconf 85' lang='lat' dir='ltr'>et</span> <span class='ocrx_word' id='word_1_34' title='bbox 872 1081 990 1178; x_wconf 84' lang='lat' dir='ltr'>pisces</span> <span class='ocrx_word' id='word_1_35' title='bbox 1008 1080 1137 1171; x_wconf 88' lang='lat' dir='ltr'>maris,</span> <span class='ocrx_word' id='word_1_36' title='bbox 1275 1078 1363 1150; x_wconf 77' lang='lat' dir='ltr'>totis</span> <span class='ocrx_word' id='word_1_37' title='bbox 1377 1091 1416 1151; x_wconf 87' lang='lat' dir='ltr'>et</span> <span class='ocrx_word' id='word_1_38' title='bbox 1430 1080 1580 1181; x_wconf 69' lang='lat' dir='ltr'>gratie,</span> <span class='ocrx_word' id='word_1_39' title='bbox 1600 1081 1650 1155; x_wconf 90' lang='lat' dir='ltr'>de</span> <span class='ocrx_word' id='word_1_40' title='bbox 1665 1081 1803 1185; x_wconf 70' lang='lat' dir='ltr'>hocque</span> 
     </span>
     <span class='ocr_line' id='line_1_6' title="bbox 480 1175 1798 1278; baseline 0.005 -28"><span class='ocrx_word' id='word_1_41' title='bbox 480 1182 496 1207; x_wconf 83' lang='lat'><strong>*</strong></span> <span class='ocrx_word' id='word_1_42' title='bbox 516 1179 581 1278; x_wconf 89' lang='lat' dir='ltr'>qui</span> <span class='ocrx_word' id='word_1_43' title='bbox 604 1179 870 1278; x_wconf 77' lang='lat' dir='ltr'>perimbulant</span> <span class='ocrx_word' id='word_1_44' title='bbox 890 1180 1041 1254; x_wconf 67' lang='lat' dir='ltr'>simitas</span> <span class='ocrx_word' id='word_1_45' title='bbox 1062 1204 1140 1253; x_wconf 86' lang='lat' dir='ltr'>ma·</span> <span class='ocrx_word' id='word_1_46' title='bbox 1176 1175 1205 1249; x_wconf 89' lang='lat' dir='ltr'>si</span> <span class='ocrx_word' id='word_1_47' title='bbox 1237 1177 1405 1274; x_wconf 90' lang='lat' dir='ltr'>quodam</span> <span class='ocrx_word' id='word_1_48' title='bbox 1436 1181 1548 1254; x_wconf 80' lang='lat' dir='ltr'>fonte</span> <span class='ocrx_word' id='word_1_49' title='bbox 1579 1181 1798 1275; x_wconf 88' lang='lat' dir='ltr'>lucidissimo,</span> 
     </span>
     <span class='ocr_line' id='line_1_7' title="bbox 481 1275 1798 1380; baseline 0.005 -29"><span class='ocrx_word' id='word_1_50' title='bbox 481 1280 545 1352; x_wconf 91' lang='lat' dir='ltr'>ris.</span> <span class='ocrx_word' id='word_1_51' title='bbox 1175 1275 1567 1352; x_wconf 78' lang='lat' dir='ltr'>dmniumrivuldrum</span> <span class='ocrx_word' id='word_1_52' title='bbox 1581 1282 1798 1380; x_wconf 72' lang='lat' dir='ltr'>pirritaseme</span> 
     </span>
     <span class='ocr_line' id='line_1_8' title="bbox 488 1375 1794 1479; baseline 0.006 -31"><span class='ocrx_word' id='word_1_53' title='bbox 488 1378 641 1452; x_wconf 72' lang='lat' dir='ltr'>tidmine</span> <span class='ocrx_word' id='word_1_54' title='bbox 682 1376 866 1452; x_wconf 81' lang='lat' dir='ltr'>deinus</span> <span class='ocrx_word' id='word_1_55' title='bbox 920 1391 1079 1470; x_wconf 88' lang='lat' dir='ltr'>noster,</span> <span class='ocrx_word' id='word_1_56' title='bbox 1124 1383 1140 1410; x_wconf 90' lang='lat'><strong>*</strong></span> <span class='ocrx_word' id='word_1_57' title='bbox 1176 1375 1291 1448; x_wconf 71' lang='lat' dir='ltr'>nevit.</span> <span class='ocrx_word' id='word_1_58' title='bbox 1336 1378 1488 1451; x_wconf 78' lang='lat' dir='ltr'><strong>Etenim</strong></span> <span class='ocrx_word' id='word_1_59' title='bbox 1522 1383 1615 1479; x_wconf 90' lang='lat' dir='ltr'>quia</span> <span class='ocrx_word' id='word_1_60' title='bbox 1656 1383 1794 1457; x_wconf 77' lang='lat' dir='ltr'>castititi</span> 
     </span>
     <span class='ocr_line' id='line_1_9' title="bbox 481 1473 1791 1595; baseline 0.005 -45"><span class='ocrx_word' id='word_1_61' title='bbox 481 1502 597 1576; x_wconf 67' lang='lat' dir='ltr'>quam</span> <span class='ocrx_word' id='word_1_62' title='bbox 635 1473 858 1550; x_wconf 79' lang='lat' dir='ltr'>admiribile</span> <span class='ocrx_word' id='word_1_63' title='bbox 899 1491 955 1553; x_wconf 86' lang='lat' dir='ltr'>est</span> <span class='ocrx_word' id='word_1_64' title='bbox 1000 1503 1141 1553; x_wconf 88' lang='lat' dir='ltr'>nomen</span> <span class='ocrx_word' id='word_1_65' title='bbox 1176 1473 1343 1571; x_wconf 69' lang='lat' dir='ltr'>pollebat</span> <span class='ocrx_word' id='word_1_66' title='bbox 1368 1478 1510 1595; x_wconf 71' lang='lat' dir='ltr'>vigore,</span> <span class='ocrx_word' id='word_1_67' title='bbox 1534 1481 1626 1577; x_wconf 88' lang='lat' dir='ltr'>quia</span> <span class='ocrx_word' id='word_1_68' title='bbox 1649 1480 1791 1556; x_wconf 79' lang='lat' dir='ltr'>abstioe&#39;o</span> 
     </span>
     <span class='ocr_line' id='line_1_10' title="bbox 482 1572 1787 1680; baseline 0.004 -30"><span class='ocrx_word' id='word_1_69' title='bbox 482 1591 592 1650; x_wconf 84' lang='lat' dir='ltr'>tuum</span> <span class='ocrx_word' id='word_1_70' title='bbox 619 1576 661 1648; x_wconf 94' lang='lat' dir='ltr'>in</span> <span class='ocrx_word' id='word_1_71' title='bbox 695 1572 869 1647; x_wconf 85' lang='lat' dir='ltr'>unive&#39;rsa</span> <span class='ocrx_word' id='word_1_72' title='bbox 895 1578 1013 1649; x_wconf 83' lang='lat' dir='ltr'>terrai</span> <span class='ocrx_word' id='word_1_73' title='bbox 1176 1574 1235 1646; x_wconf 80' lang='lat' dir='ltr'>tiae</span> <span class='ocrx_word' id='word_1_74' title='bbox 1261 1575 1493 1674; x_wconf 77' lang='lat' dir='ltr'>gloriabatur</span> <span class='ocrx_word' id='word_1_75' title='bbox 1519 1580 1712 1680; x_wconf 79' lang='lat' dir='ltr'>angristiis.</span> <span class='ocrx_word' id='word_1_76' title='bbox 1735 1584 1787 1680; x_wconf 81' lang='lat' dir='ltr'>quit</span> 
     </span>
     <span class='ocr_line' id='line_1_11' title="bbox 484 1671 1785 1778; baseline 0.005 -33"><span class='ocrx_word' id='word_1_77' title='bbox 484 1677 577 1748; x_wconf 63' lang='lat' dir='ltr'>Ario.</span> <span class='ocrx_word' id='word_1_78' title='bbox 608 1675 771 1748; x_wconf 75' lang='lat' dir='ltr'>Domine</span> <span class='ocrx_word' id='word_1_79' title='bbox 790 1675 972 1749; x_wconf 82' lang='lat' dir='ltr'>deinus</span> <span class='ocrx_word' id='word_1_80' title='bbox 1000 1689 1138 1768; x_wconf 88' lang='lat' dir='ltr'>noster,</span> <span class='ocrx_word' id='word_1_81' title='bbox 1176 1671 1444 1750; x_wconf 75' lang='lat' dir='ltr'>blandimentis</span> <span class='ocrx_word' id='word_1_82' title='bbox 1473 1692 1557 1751; x_wconf 87' lang='lat' dir='ltr'>erat</span> <span class='ocrx_word' id='word_1_83' title='bbox 1590 1679 1785 1778; x_wconf 71' lang='lat' dir='ltr'>preditusle</span> 
     </span>
     <span class='ocr_line' id='line_1_12' title="bbox 483 1770 1781 1872; baseline 0.005 -27"><span class='ocrx_word' id='word_1_84' title='bbox 483 1798 600 1872; x_wconf 89' lang='lat' dir='ltr'>quarn</span> <span class='ocrx_word' id='word_1_85' title='bbox 642 1770 865 1848; x_wconf 77' lang='lat' dir='ltr'>admiribile</span> <span class='ocrx_word' id='word_1_86' title='bbox 907 1788 964 1846; x_wconf 84' lang='lat' dir='ltr'>cst</span> <span class='ocrx_word' id='word_1_87' title='bbox 999 1800 1141 1848; x_wconf 89' lang='lat' dir='ltr'>nomen</span> <span class='ocrx_word' id='word_1_88' title='bbox 1176 1770 1338 1867; x_wconf 77' lang='lat' dir='ltr'>nitatis,</span> <span class='ocrx_word' id='word_1_89' title='bbox 1393 1777 1566 1850; x_wconf 76' lang='lat' dir='ltr'>omnium</span> <span class='ocrx_word' id='word_1_90' title='bbox 1610 1778 1733 1851; x_wconf 72' lang='lat' dir='ltr'>civium</span> <span class='ocrx_word' id='word_1_91' title='bbox 1762 1782 1781 1852; x_wconf 86' lang='lat' dir='ltr'>it</span> 
     </span>
     <span class='ocr_line' id='line_1_13' title="bbox 481 1872 1779 1973; baseline 0.002 -26"><span class='ocrx_word' id='word_1_92' title='bbox 481 1888 593 1947; x_wconf 83' lang='lat' dir='ltr'>tuum</span> <span class='ocrx_word' id='word_1_93' title='bbox 617 1874 656 1947; x_wconf 91' lang='lat' dir='ltr'>in</span> <span class='ocrx_word' id='word_1_94' title='bbox 690 1872 866 1947; x_wconf 72' lang='lat' dir='ltr'>universa</span> <span class='ocrx_word' id='word_1_95' title='bbox 895 1876 1015 1946; x_wconf 80' lang='lat' dir='ltr'>terra!</span> <span class='ocrx_word' id='word_1_96' title='bbox 1054 1876 1142 1973; x_wconf 92' lang='lat' dir='ltr'>quia</span> <span class='ocrx_word' id='word_1_97' title='bbox 1174 1873 1296 1944; x_wconf 87' lang='lat' dir='ltr'>Deum</span> <span class='ocrx_word' id='word_1_98' title='bbox 1346 1877 1564 1972; x_wconf 70' lang='lat' dir='ltr'>provocaivit</span> <span class='ocrx_word' id='word_1_99' title='bbox 1618 1877 1779 1968; x_wconf 69' lang='lat' dir='ltr'>affectum,</span> 
     </span>
     <span class='ocr_line' id='line_1_14' title="bbox 508 1970 1778 2069; baseline 0.006 -24"><span class='ocrx_word' id='word_1_100' title='bbox 508 1972 603 2045; x_wconf 80' lang='lat' dir='ltr'>ldria</span> <span class='ocrx_word' id='word_1_101' title='bbox 657 1985 696 2045; x_wconf 88' lang='lat' dir='ltr'>et</span> <span class='ocrx_word' id='word_1_102' title='bbox 751 1970 896 2046; x_wconf 75' lang='lat' dir='ltr'>honore</span> <span class='ocrx_word' id='word_1_103' title='bbox 953 1975 1141 2047; x_wconf 77' lang='lat' dir='ltr'>commisti</span> <span class='ocrx_word' id='word_1_104' title='bbox 1175 1972 1264 2069; x_wconf 87' lang='lat' dir='ltr'>quia</span> <span class='ocrx_word' id='word_1_105' title='bbox 1293 1973 1484 2047; x_wconf 84' lang='lat' dir='ltr'>Pontificis</span> <span class='ocrx_word' id='word_1_106' title='bbox 1511 1976 1778 2052; x_wconf 63' lang='lat' dir='ltr'>administratio</span> 
     </span>
     <span class='ocr_line' id='line_1_15' title="bbox 481 1997 1811 2174; baseline 0.004 -31"><span class='ocrx_word' id='word_1_107' title='bbox 481 1997 665 2145; x_wconf 56' lang='lat' dir='ltr'>§anctum</span> <span class='ocrx_word' id='word_1_108' title='bbox 685 2085 830 2160; x_wconf 90' lang='lat' dir='ltr'>tuum,</span> <span class='ocrx_word' id='word_1_109' title='bbox 868 2084 910 2149; x_wconf 67' lang='lat' dir='ltr'>et.</span> <span class='ocrx_word' id='word_1_110' title='bbox 943 2074 1143 2145; x_wconf 91' lang='lat' dir='ltr'>constitui-</span> <span class='ocrx_word' id='word_1_111' title='bbox 1175 2070 1372 2169; x_wconf 67' lang='lat' dir='ltr'>fulgebat,</span> <span class='ocrx_word' id='word_1_112' title='bbox 1415 2073 1542 2172; x_wconf 90' lang='lat' dir='ltr'>plures</span> <span class='ocrx_word' id='word_1_113' title='bbox 1585 2100 1607 2149; x_wconf 91' lang='lat' dir='ltr'>e</span> <span class='ocrx_word' id='word_1_114' title='bbox 1642 2074 1776 2174; x_wconf 83' lang='lat' dir='ltr'>discipuli</span> <span class='ocrx_word' id='word_1_115' title='bbox 1809 2080 1811 2088; x_wconf 82' lang='grc'><em>’</em></span> 
     </span>
     <span class='ocr_line' id='line_1_16' title="bbox 481 2170 1774 2269; baseline 0.005 -27"><span class='ocrx_word' id='word_1_116' title='bbox 481 2171 530 2244; x_wconf 87' lang='lat' dir='ltr'>sti</span> <span class='ocrx_word' id='word_1_117' title='bbox 560 2194 649 2246; x_wconf 90' lang='lat' dir='ltr'>eum</span> <span class='ocrx_word' id='word_1_118' title='bbox 672 2194 784 2269; x_wconf 89' lang='lat' dir='ltr'>super</span> <span class='ocrx_word' id='word_1_119' title='bbox 814 2170 931 2268; x_wconf 79' lang='lat' dir='ltr'>opera</span> <span class='ocrx_word' id='word_1_120' title='bbox 957 2173 1141 2246; x_wconf 78' lang='lat' dir='ltr'>manuum</span> <span class='ocrx_word' id='word_1_121' title='bbox 1176 2171 1328 2267; x_wconf 89' lang='lat' dir='ltr'>reliquit</span> <span class='ocrx_word' id='word_1_122' title='bbox 1355 2172 1412 2244; x_wconf 87' lang='lat' dir='ltr'>sui</span> <span class='ocrx_word' id='word_1_123' title='bbox 1455 2173 1655 2248; x_wconf 76' lang='lat' dir='ltr'>sacerdotii</span> <span class='ocrx_word' id='word_1_124' title='bbox 1687 2198 1774 2248; x_wconf 70' lang='lat' dir='ltr'>succe</span> 
     </span>
     <span class='ocr_line' id='line_1_17' title="bbox 482 2268 1286 2342; baseline -0.001 -1"><span class='ocrx_word' id='word_1_125' title='bbox 482 2268 649 2342; x_wconf 77' lang='lat' dir='ltr'>tuirum.</span> <span class='ocrx_word' id='word_1_126' title='bbox 1176 2270 1286 2341; x_wconf 74' lang='lat' dir='ltr'>scires.</span> 
     </span>
     <span class='ocr_line' id='line_1_18' title="bbox 483 2368 1811 2504; baseline -0.002 -58"><span class='ocrx_word' id='word_1_127' title='bbox 483 2371 516 2446; x_wconf 66' lang='lat' dir='ltr'>i</span> <span class='ocrx_word' id='word_1_128' title='bbox 546 2369 671 2469; x_wconf 75' lang='lat' dir='ltr'>Elegit</span> <span class='ocrx_word' id='word_1_129' title='bbox 699 2393 786 2442; x_wconf 89' lang='lat' dir='ltr'>eum</span> <span class='ocrx_word' id='word_1_130' title='bbox 816 2368 999 2441; x_wconf 79' lang='lat' dir='ltr'>deinus</span> <span class='ocrx_word' id='word_1_131' title='bbox 1028 2394 1144 2443; x_wconf 87' lang='lat' dir='ltr'>sacer·</span> <span class='ocrx_word' id='word_1_132' title='bbox 1175 2383 1213 2469; x_wconf 56' lang='grc' dir='ltr'>ω,</span> <span class='ocrx_word' id='word_1_133' title='bbox 1245 2370 1355 2441; x_wconf 80' lang='lat' dir='ltr'>Pdsui</span> <span class='ocrx_word' id='word_1_134' title='bbox 1382 2369 1614 2469; x_wconf 74' lang='lat' dir='ltr'>adjutorium</span> <span class='ocrx_word' id='word_1_135' title='bbox 1636 2395 1771 2472; x_wconf 72' lang='lat' dir='ltr'>superpo</span> <span class='ocrx_word' id='word_1_136' title='bbox 1808 2375 1811 2504; x_wconf 69' lang='lat'>1</span> 
     </span>
     <span class='ocr_line' id='line_1_19' title="bbox 481 2465 1771 2567; baseline 0.004 -30"><span class='ocrx_word' id='word_1_137' title='bbox 481 2466 611 2541; x_wconf 82' lang='lat' dir='ltr'>ddtem</span> <span class='ocrx_word' id='word_1_138' title='bbox 646 2468 731 2541; x_wconf 88' lang='lat' dir='ltr'>sibi.</span> <span class='ocrx_word' id='word_1_139' title='bbox 767 2483 804 2567; x_wconf 56' lang='grc' dir='ltr'>ῖς.</span> <span class='ocrx_word' id='word_1_140' title='bbox 840 2466 898 2545; x_wconf 81' lang='lat' dir='ltr'>Ad</span> <span class='ocrx_word' id='word_1_141' title='bbox 932 2467 1142 2542; x_wconf 77' lang='lat' dir='ltr'>sacrificdn-</span> <span class='ocrx_word' id='word_1_142' title='bbox 1177 2467 1339 2558; x_wconf 75' lang='lat' dir='ltr'>tdntem,</span> <span class='ocrx_word' id='word_1_143' title='bbox 1362 2483 1400 2541; x_wconf 89' lang='lat' dir='ltr'>et</span> <span class='ocrx_word' id='word_1_144' title='bbox 1422 2472 1583 2543; x_wconf 77' lang='lat' dir='ltr'>exaltari</span> <span class='ocrx_word' id='word_1_145' title='bbox 1602 2465 1771 2545; x_wconf 64' lang='lat' dir='ltr'>eliciunt</span> 
     </span>
     <span class='ocr_line' id='line_1_20' title="bbox 479 2566 1770 2664; baseline 0.004 -26"><span class='ocrx_word' id='word_1_146' title='bbox 479 2566 572 2638; x_wconf 89' lang='lat' dir='ltr'>dum</span> <span class='ocrx_word' id='word_1_147' title='bbox 600 2566 635 2641; x_wconf 86' lang='lat' dir='ltr'>ei</span> <span class='ocrx_word' id='word_1_148' title='bbox 660 2567 823 2642; x_wconf 82' lang='lat' dir='ltr'>hdstiam</span> <span class='ocrx_word' id='word_1_149' title='bbox 857 2567 991 2642; x_wconf 85' lang='lat' dir='ltr'>laudis.</span> <span class='ocrx_word' id='word_1_150' title='bbox 1031 2577 1144 2645; x_wconf 88' lang='lat' dir='ltr'>Pater</span> <span class='ocrx_word' id='word_1_151' title='bbox 1177 2566 1285 2664; x_wconf 86' lang='lat' dir='ltr'>plebe</span> <span class='ocrx_word' id='word_1_152' title='bbox 1324 2592 1410 2643; x_wconf 86' lang='lat' dir='ltr'>mea</span> <span class='ocrx_word' id='word_1_153' title='bbox 1456 2597 1465 2640; x_wconf 73' lang='grc' dir='ltr'><strong>ε</strong></span> <span class='ocrx_word' id='word_1_154' title='bbox 1505 2576 1527 2616; x_wconf 86' lang='lat'><em>*</em></span> <span class='ocrx_word' id='word_1_155' title='bbox 1562 2573 1686 2645; x_wconf 84' lang='lat' dir='ltr'>Manus</span> <span class='ocrx_word' id='word_1_156' title='bbox 1714 2568 1770 2643; x_wconf 79' lang='lat' dir='ltr'>enin</span> 
     </span>
     <span class='ocr_line' id='line_1_21' title="bbox 478 2663 1768 2768; baseline 0 -29"><span class='ocrx_word' id='word_1_157' title='bbox 478 2679 620 2741; x_wconf 89' lang='lat' dir='ltr'>noster.</span> <span class='ocrx_word' id='word_1_158' title='bbox 667 2667 873 2742; x_wconf 57' lang='lat' dir='ltr'>Absolutis,</span> <span class='ocrx_word' id='word_1_159' title='bbox 912 2668 1028 2765; x_wconf 80' lang='lat' dir='ltr'>ipsius</span> <span class='ocrx_word' id='word_1_160' title='bbox 1068 2671 1142 2768; x_wconf 90' lang='lat' dir='ltr'>pic·</span> <span class='ocrx_word' id='word_1_161' title='bbox 1178 2692 1263 2740; x_wconf 87' lang='lat' dir='ltr'>mea</span> <span class='ocrx_word' id='word_1_162' title='bbox 1284 2667 1526 2742; x_wconf 77' lang='lat' dir='ltr'>auxiliibitur</span> <span class='ocrx_word' id='word_1_163' title='bbox 1558 2671 1607 2742; x_wconf 87' lang='lat' dir='ltr'>ei.</span> <span class='ocrx_word' id='word_1_164' title='bbox 1633 2680 1665 2755; x_wconf 58' lang='lat' dir='ltr'>‚tn</span> <span class='ocrx_word' id='word_1_165' title='bbox 1694 2663 1768 2743; x_wconf 79' lang='lat' dir='ltr'>inriti</span> 
     </span>
     <span class='ocr_line' id='line_1_22' title="bbox 477 2764 1807 2860; baseline 0.005 -27"><span class='ocrx_word' id='word_1_166' title='bbox 477 2780 548 2838; x_wconf 86' lang='lat' dir='ltr'>tas.</span> <span class='ocrx_word' id='word_1_167' title='bbox 583 2770 620 2846; x_wconf 63' lang='grc' dir='ltr'>ς</span> <span class='ocrx_word' id='word_1_168' title='bbox 655 2764 771 2857; x_wconf 87' lang='lat' dir='ltr'>Jube,</span> <span class='ocrx_word' id='word_1_169' title='bbox 807 2766 960 2842; x_wconf 88' lang='lat' dir='ltr'>domne.</span> <span class='ocrx_word' id='word_1_170' title='bbox 996 2775 1136 2846; x_wconf 76' lang='lat' dir='ltr'>Boned.</span> <span class='ocrx_word' id='word_1_171' title='bbox 1176 2765 1294 2838; x_wconf 82' lang='lat' dir='ltr'>David</span> <span class='ocrx_word' id='word_1_172' title='bbox 1312 2790 1460 2841; x_wconf 64' lang='lat' dir='ltr'>serrum</span> <span class='ocrx_word' id='word_1_173' title='bbox 1479 2793 1628 2860; x_wconf 90' lang='lat' dir='ltr'>meum,</span> <span class='ocrx_word' id='word_1_174' title='bbox 1649 2769 1769 2844; x_wconf 76' lang='lat' dir='ltr'>tteom</span> <span class='ocrx_word' id='word_1_175' title='bbox 1799 2777 1807 2808; x_wconf 73' lang='grc'><strong>“</strong></span> 
     </span>
     <span class='ocr_line' id='line_1_23' title="bbox 448 2865 1768 2965; baseline -0.002 -24"><span class='ocrx_word' id='word_1_176' title='bbox 448 2865 581 2941; x_wconf 85' lang='lat' dir='ltr'>¹Deus</span> <span class='ocrx_word' id='word_1_177' title='bbox 613 2866 726 2939; x_wconf 89' lang='lat' dir='ltr'>Pater</span> <span class='ocrx_word' id='word_1_178' title='bbox 761 2867 1010 2965; x_wconf 86' lang='lat' dir='ltr'>omnipotens.</span> <span class='ocrx_word' id='word_1_179' title='bbox 1177 2880 1237 2938; x_wconf 91' lang='lat' dir='ltr'>cto</span> <span class='ocrx_word' id='word_1_180' title='bbox 1286 2890 1371 2940; x_wconf 88' lang='lat' dir='ltr'>meo</span> <span class='ocrx_word' id='word_1_181' title='bbox 1417 2869 1509 2943; x_wconf 79' lang='lat' dir='ltr'>unxi</span> <span class='ocrx_word' id='word_1_182' title='bbox 1558 2893 1657 2948; x_wconf 89' lang='lat' dir='ltr'>eum.</span> <span class='ocrx_word' id='word_1_183' title='bbox 1690 2870 1768 2941; x_wconf 77' lang='lat' dir='ltr'>Mam</span> 
     </span>
     <span class='ocr_line' id='line_1_24' title="bbox 479 2960 1806 3070; baseline 0.003 -37"><span class='ocrx_word' id='word_1_184' title='bbox 479 2961 931 3067; x_wconf 75' lang='lat' dir='ltr'>SermosanctiMaiximi,</span> <span class='ocrx_word' id='word_1_185' title='bbox 951 2966 1138 3066; x_wconf 87' lang='lat' dir='ltr'><strong>Episcopi.</strong></span> <span class='ocrx_word' id='word_1_186' title='bbox 1176 2966 1292 3037; x_wconf 90' lang='lat' dir='ltr'>enim.</span> <span class='ocrx_word' id='word_1_187' title='bbox 1321 2972 1549 3046; x_wconf 70' lang='lat' dir='ltr'>Benedictio,</span> <span class='ocrx_word' id='word_1_188' title='bbox 1595 2971 1709 3070; x_wconf 80' lang='lat' dir='ltr'>Ignem</span> <span class='ocrx_word' id='word_1_189' title='bbox 1738 2960 1768 3037; x_wconf 73' lang='lat' dir='ltr'>td</span> <span class='ocrx_word' id='word_1_190' title='bbox 1798 2960 1806 3004; x_wconf 64' lang='lat'>&#39;⁸</span> 
     </span>
     <span class='ocr_line' id='line_1_25' title="bbox 702 3065 1328 3139; baseline 0.002 -4"><span class='ocrx_word' id='word_1_191' title='bbox 702 3069 825 3139; x_wconf 72' lang='lat' dir='ltr'>Lectio</span> <span class='ocrx_word' id='word_1_192' title='bbox 873 3070 918 3138; x_wconf 79' lang='lat' dir='ltr'>ir.</span> <span class='ocrx_word' id='word_1_193' title='bbox 1177 3065 1328 3138; x_wconf 75' lang='lat' dir='ltr'>aminis.</span> 
     </span>
    </p>

    <p class='ocr_par' dir='ltr' id='par_1_3' title="bbox 528 3162 1605 3267">
     <span class='ocr_line' id='line_1_26' title="bbox 528 3162 1605 3267; baseline 0.008 -33"><span class='ocrx_word' id='word_1_194' title='bbox 528 3167 643 3234; x_wconf 90' lang='lat' dir='ltr'>Hom.</span> <span class='ocrx_word' id='word_1_195' title='bbox 666 3165 743 3253; x_wconf 74' lang='lat'>59,</span> <span class='ocrx_word' id='word_1_196' title='bbox 764 3162 811 3234; x_wconf 87' lang='lat' dir='ltr'>de</span> <span class='ocrx_word' id='word_1_197' title='bbox 827 3167 866 3236; x_wconf 90' lang='lat' dir='ltr'>S.</span> <span class='ocrx_word' id='word_1_198' title='bbox 891 3163 1029 3235; x_wconf 83' lang='lat' dir='ltr'>Euseb.</span> <span class='ocrx_word' id='word_1_199' title='bbox 1050 3168 1086 3236; x_wconf 78' lang='lat'>2.</span> <span class='ocrx_word' id='word_1_200' title='bbox 1399 3175 1525 3244; x_wconf 81' lang='lat' dir='ltr'>Lectio</span> <span class='ocrx_word' id='word_1_201' title='bbox 1559 3176 1605 3267; x_wconf 78' lang='lat' dir='ltr'>vj.</span> 
     </span>
    </p>

    <p class='ocr_par' dir='ltr' id='par_1_4' title="bbox 558 3260 1804 3339">
     <span class='ocr_line' id='line_1_27' title="bbox 558 3260 1804 3339; baseline -0.001 -4"><span class='ocrx_word' id='word_1_202' title='bbox 558 3288 581 3335; x_wconf 83' lang='lat' dir='ltr'>o</span> <span class='ocrx_word' id='word_1_203' title='bbox 615 3262 736 3335; x_wconf 90' lang='lat' dir='ltr'>sancti</span> <span class='ocrx_word' id='word_1_204' title='bbox 771 3286 816 3336; x_wconf 89' lang='lat' dir='ltr'>ac</span> <span class='ocrx_word' id='word_1_205' title='bbox 838 3261 1043 3336; x_wconf 84' lang='lat' dir='ltr'>beatissimi</span> <span class='ocrx_word' id='word_1_206' title='bbox 1073 3265 1139 3336; x_wconf 90' lang='lat' dir='ltr'>Pa·</span> <span class='ocrx_word' id='word_1_207' title='bbox 1245 3288 1311 3336; x_wconf 79' lang='lat' dir='ltr'>sne</span> <span class='ocrx_word' id='word_1_208' title='bbox 1339 3277 1377 3337; x_wconf 88' lang='lat' dir='ltr'>et</span> <span class='ocrx_word' id='word_1_209' title='bbox 1399 3262 1564 3339; x_wconf 77' lang='lat' dir='ltr'>cdnome</span> <span class='ocrx_word' id='word_1_210' title='bbox 1592 3267 1628 3339; x_wconf 95' lang='lat' dir='ltr'>in</span> <span class='ocrx_word' id='word_1_211' title='bbox 1650 3260 1766 3339; x_wconf 76' lang='lat' dir='ltr'>harde.</span> <span class='ocrx_word' id='word_1_212' title='bbox 1797 3269 1804 3280; x_wconf 83' lang='grc'><strong>’</strong></span> 
     </span>
    </p>

    <p class='ocr_par' dir='ltr' id='par_1_5' title="bbox 471 3332 1811 5344">
     <span class='ocr_line' id='line_1_28' title="bbox 574 3332 1811 3461; baseline -0.002 -27"><span class='ocrx_word' id='word_1_213' title='bbox 574 3361 641 3434; x_wconf 90' lang='lat' dir='ltr'>tris</span> <span class='ocrx_word' id='word_1_214' title='bbox 665 3363 784 3435; x_wconf 80' lang='lat' dir='ltr'>nostri</span> <span class='ocrx_word' id='word_1_215' title='bbox 812 3369 856 3435; x_wconf 67' lang='lat' dir='ltr'>n.</span> <span class='ocrx_word' id='word_1_216' title='bbox 898 3363 1003 3460; x_wconf 87' lang='lat' dir='ltr'>cujus</span> <span class='ocrx_word' id='word_1_217' title='bbox 1027 3360 1140 3436; x_wconf 72' lang='lat' dir='ltr'>hcidie</span> <span class='ocrx_word' id='word_1_218' title='bbox 1262 3387 1375 3461; x_wconf 86' lang='lat' dir='ltr'>quarn</span> <span class='ocrx_word' id='word_1_219' title='bbox 1394 3332 1503 3437; x_wconf 74' lang='lat' dir='ltr'>nobis</span> <span class='ocrx_word' id='word_1_220' title='bbox 1520 3362 1766 3438; x_wconf 72' lang='lat' dir='ltr'>beritiPauism</span> <span class='ocrx_word' id='word_1_221' title='bbox 1802 3375 1811 3404; x_wconf 84' lang='grc'>’-</span> 
     </span>
     <span class='ocr_line' id='line_1_29' title="bbox 478 3459 1811 3561; baseline -0.003 -28"><span class='ocrx_word' id='word_1_222' title='bbox 478 3461 578 3534; x_wconf 87' lang='lat' dir='ltr'>festa</span> <span class='ocrx_word' id='word_1_223' title='bbox 612 3459 868 3551; x_wconf 72' lang='lat' dir='ltr'>celebramus,</span> <span class='ocrx_word' id='word_1_224' title='bbox 905 3461 1035 3536; x_wconf 88' lang='lat' dir='ltr'>laudes</span> <span class='ocrx_word' id='word_1_225' title='bbox 1069 3463 1140 3534; x_wconf 91' lang='lat' dir='ltr'>ad·</span> <span class='ocrx_word' id='word_1_226' title='bbox 1174 3462 1239 3534; x_wconf 91' lang='lat' dir='ltr'>stri</span> <span class='ocrx_word' id='word_1_227' title='bbox 1265 3471 1312 3540; x_wconf 70' lang='lat' dir='ltr'>N.</span> <span class='ocrx_word' id='word_1_228' title='bbox 1352 3462 1401 3534; x_wconf 89' lang='lat' dir='ltr'>ad</span> <span class='ocrx_word' id='word_1_229' title='bbox 1419 3464 1633 3561; x_wconf 84' lang='lat' dir='ltr'>paradisum</span> <span class='ocrx_word' id='word_1_230' title='bbox 1650 3460 1766 3536; x_wconf 78' lang='lat' dir='ltr'>trinsitn</span> <span class='ocrx_word' id='word_1_231' title='bbox 1802 3479 1811 3489; x_wconf 56' lang='lat'><strong><em>¹</em></strong></span> 
     </span>
     <span class='ocr_line' id='line_1_30' title="bbox 478 3554 1765 3661; baseline 0.002 -29"><span class='ocrx_word' id='word_1_232' title='bbox 478 3559 633 3651; x_wconf 86' lang='lat' dir='ltr'>didisse,</span> <span class='ocrx_word' id='word_1_233' title='bbox 652 3554 793 3659; x_wconf 78' lang='lat' dir='ltr'>aliquid</span> <span class='ocrx_word' id='word_1_234' title='bbox 816 3560 1040 3660; x_wconf 84' lang='lat' dir='ltr'>decerpsisse</span> <span class='ocrx_word' id='word_1_235' title='bbox 1059 3577 1137 3635; x_wconf 90' lang='lat' dir='ltr'>est:</span> <span class='ocrx_word' id='word_1_236' title='bbox 1175 3560 1416 3635; x_wconf 78' lang='lat' dir='ltr'>exultibilem</span> <span class='ocrx_word' id='word_1_237' title='bbox 1450 3563 1604 3654; x_wconf 88' lang='lat' dir='ltr'>reddit,</span> <span class='ocrx_word' id='word_1_238' title='bbox 1637 3554 1765 3661; x_wconf 68' lang='lat' dir='ltr'>prase&#39;td</span> 
     </span>
     <span class='ocr_line' id='line_1_31' title="bbox 478 3650 1811 3763; baseline 0 -33"><span class='ocrx_word' id='word_1_239' title='bbox 478 3659 665 3758; x_wconf 87' lang='lat' dir='ltr'>siquidem</span> <span class='ocrx_word' id='word_1_240' title='bbox 691 3660 875 3733; x_wconf 83' lang='lat' dir='ltr'>virtritum</span> <span class='ocrx_word' id='word_1_241' title='bbox 902 3662 981 3758; x_wconf 87' lang='lat' dir='ltr'>ejus</span> <span class='ocrx_word' id='word_1_242' title='bbox 1017 3662 1139 3760; x_wconf 67' lang='lat' dir='ltr'>greitia</span> <span class='ocrx_word' id='word_1_243' title='bbox 1173 3660 1312 3736; x_wconf 86' lang='lat' dir='ltr'>Psalmi</span> <span class='ocrx_word' id='word_1_244' title='bbox 1360 3663 1586 3736; x_wconf 76' lang='lat' dir='ltr'>versiculum</span> <span class='ocrx_word' id='word_1_245' title='bbox 1619 3650 1765 3763; x_wconf 65' lang='lat' dir='ltr'>&lt;leandri</span> <span class='ocrx_word' id='word_1_246' title='bbox 1806 3675 1811 3685; x_wconf 83' lang='lat'><strong>·</strong></span> 
     </span>
     <span class='ocr_line' id='line_1_32' title="bbox 476 3755 1804 3858; baseline -0.002 -29"><span class='ocrx_word' id='word_1_247' title='bbox 476 3782 555 3832; x_wconf 91' lang='lat' dir='ltr'>non</span> <span class='ocrx_word' id='word_1_248' title='bbox 573 3759 809 3832; x_wconf 71' lang='lat' dir='ltr'>serminibus</span> <span class='ocrx_word' id='word_1_249' title='bbox 827 3760 1050 3858; x_wconf 78' lang='lat' dir='ltr'>exponenda</span> <span class='ocrx_word' id='word_1_250' title='bbox 1068 3775 1135 3851; x_wconf 90' lang='lat' dir='ltr'>est,</span> <span class='ocrx_word' id='word_1_251' title='bbox 1173 3784 1283 3851; x_wconf 79' lang='lat' dir='ltr'>mus3</span> <span class='ocrx_word' id='word_1_252' title='bbox 1312 3761 1354 3832; x_wconf 91' lang='lat' dir='ltr'>ln</span> <span class='ocrx_word' id='word_1_253' title='bbox 1373 3762 1557 3835; x_wconf 81' lang='lat' dir='ltr'>memdria</span> <span class='ocrx_word' id='word_1_254' title='bbox 1587 3755 1709 3836; x_wconf 82' lang='lat' dir='ltr'>aete&#39;rna</span> <span class='ocrx_word' id='word_1_255' title='bbox 1728 3759 1765 3827; x_wconf 76' lang='lat' dir='ltr'>eti</span> <span class='ocrx_word' id='word_1_256' title='bbox 1801 3791 1804 3796; x_wconf 41' lang='lat'>¹</span> 
     </span>
     <span class='ocr_line' id='line_1_33' title="bbox 478 3849 1765 3959; baseline -0.002 -31"><span class='ocrx_word' id='word_1_257' title='bbox 478 3857 546 3930; x_wconf 91' lang='lat' dir='ltr'>sed</span> <span class='ocrx_word' id='word_1_258' title='bbox 603 3851 781 3956; x_wconf 85' lang='lat' dir='ltr'>ope&#39;ribus</span> <span class='ocrx_word' id='word_1_259' title='bbox 839 3855 1134 3957; x_wconf 79' lang='lat' dir='ltr'>comprobdnda.</span> <span class='ocrx_word' id='word_1_260' title='bbox 1167 3859 1304 3955; x_wconf 86' lang='lat' dir='ltr'>justus.</span> <span class='ocrx_word' id='word_1_261' title='bbox 1333 3860 1454 3959; x_wconf 77' lang='lat' dir='ltr'>Digne</span> <span class='ocrx_word' id='word_1_262' title='bbox 1479 3863 1582 3934; x_wconf 91' lang='lat' dir='ltr'>enim</span> <span class='ocrx_word' id='word_1_263' title='bbox 1608 3863 1645 3935; x_wconf 93' lang='lat' dir='ltr'>in</span> <span class='ocrx_word' id='word_1_264' title='bbox 1675 3849 1765 3932; x_wconf 65' lang='lat' dir='ltr'>meni</span> 
     </span>
     <span class='ocr_line' id='line_1_34' title="bbox 479 3942 1803 4056; baseline -0.001 -29"><span class='ocrx_word' id='word_1_265' title='bbox 479 3957 574 4030; x_wconf 91' lang='lat' dir='ltr'>Cum</span> <span class='ocrx_word' id='word_1_266' title='bbox 611 3958 713 4031; x_wconf 90' lang='lat' dir='ltr'>enim</span> <span class='ocrx_word' id='word_1_267' title='bbox 762 3957 864 4030; x_wconf 82' lang='lat' dir='ltr'>dicat</span> <span class='ocrx_word' id='word_1_268' title='bbox 897 3959 1088 4056; x_wconf 82' lang='lat' dir='ltr'>Scriptirra</span> <span class='ocrx_word' id='word_1_269' title='bbox 1126 3987 1135 4031; x_wconf 76' lang='grc' dir='ltr'><strong><em>ε</em></strong></span> <span class='ocrx_word' id='word_1_270' title='bbox 1173 3960 1268 4032; x_wconf 85' lang='lat' dir='ltr'>riam</span> <span class='ocrx_word' id='word_1_271' title='bbox 1287 3958 1446 4031; x_wconf 67' lang='lat' dir='ltr'>virtitur</span> <span class='ocrx_word' id='word_1_272' title='bbox 1465 3942 1764 4055; x_wconf 74' lang='lat' dir='ltr'>himinum,qu</span> <span class='ocrx_word' id='word_1_273' title='bbox 1795 3953 1803 3990; x_wconf 70' lang='lat'>&#39;¹</span> 
     </span>
     <span class='ocr_line' id='line_1_35' title="bbox 478 4051 1802 4161; baseline 0 -35"><span class='ocrx_word' id='word_1_274' title='bbox 478 4054 606 4128; x_wconf 74' lang='lat' dir='ltr'>Glriria</span> <span class='ocrx_word' id='word_1_275' title='bbox 623 4057 740 4156; x_wconf 89' lang='lat' dir='ltr'>patris</span> <span class='ocrx_word' id='word_1_276' title='bbox 757 4071 814 4131; x_wconf 89' lang='lat' dir='ltr'>est</span> <span class='ocrx_word' id='word_1_277' title='bbox 839 4058 941 4129; x_wconf 84' lang='lat' dir='ltr'>iilius</span> <span class='ocrx_word' id='word_1_278' title='bbox 964 4058 1135 4156; x_wconf 76' lang='lat' dir='ltr'>sipiens:</span> <span class='ocrx_word' id='word_1_279' title='bbox 1172 4051 1352 4155; x_wconf 71' lang='lat' dir='ltr'>gaiudium</span> <span class='ocrx_word' id='word_1_280' title='bbox 1398 4052 1546 4132; x_wconf 71' lang='lat' dir='ltr'>trinsiit</span> <span class='ocrx_word' id='word_1_281' title='bbox 1582 4058 1762 4161; x_wconf 66' lang='lat' dir='ltr'>singelent!</span> <span class='ocrx_word' id='word_1_282' title='bbox 1798 4061 1802 4067; x_wconf 84' lang='grc'><em>’</em></span> 
     </span>
     <span class='ocr_line' id='line_1_36' title="bbox 478 4151 1806 4256; baseline 0.003 -30"><span class='ocrx_word' id='word_1_283' title='bbox 478 4168 629 4251; x_wconf 82' lang='lat' dir='ltr'>quantae</span> <span class='ocrx_word' id='word_1_284' title='bbox 655 4154 767 4253; x_wconf 86' lang='lat' dir='ltr'>hujus</span> <span class='ocrx_word' id='word_1_285' title='bbox 793 4172 882 4229; x_wconf 91' lang='lat' dir='ltr'>sunt</span> <span class='ocrx_word' id='word_1_286' title='bbox 906 4156 1052 4255; x_wconf 74' lang='lat' dir='ltr'>gloriae,</span> <span class='ocrx_word' id='word_1_287' title='bbox 1073 4159 1138 4256; x_wconf 90' lang='lat' dir='ltr'>qui</span> <span class='ocrx_word' id='word_1_288' title='bbox 1172 4158 1271 4229; x_wconf 83' lang='lat' dir='ltr'>Dicit</span> <span class='ocrx_word' id='word_1_289' title='bbox 1300 4181 1424 4231; x_wconf 88' lang='lat' dir='ltr'>sermo</span> <span class='ocrx_word' id='word_1_290' title='bbox 1459 4156 1608 4232; x_wconf 89' lang='lat' dir='ltr'>divinus</span> <span class='ocrx_word' id='word_1_291' title='bbox 1633 4187 1641 4232; x_wconf 94' lang='lat'><strong>:</strong></span> <span class='ocrx_word' id='word_1_292' title='bbox 1662 4158 1706 4232; x_wconf 80' lang='lat' dir='ltr'>Ne</span> <span class='ocrx_word' id='word_1_293' title='bbox 1723 4151 1765 4223; x_wconf 64' lang='grc' dir='ltr'>ΙΙΙ</span> <span class='ocrx_word' id='word_1_294' title='bbox 1799 4153 1806 4194; x_wconf 78' lang='lat'>⁷·</span> 
     </span>
     <span class='ocr_line' id='line_1_37' title="bbox 478 4254 1811 4353; baseline -0.002 -28"><span class='ocrx_word' id='word_1_295' title='bbox 478 4254 670 4328; x_wconf 75' lang='lat' dir='ltr'>tantorum</span> <span class='ocrx_word' id='word_1_296' title='bbox 688 4255 855 4330; x_wconf 78' lang='lat' dir='ltr'>filiorum</span> <span class='ocrx_word' id='word_1_297' title='bbox 873 4256 1079 4353; x_wconf 74' lang='lat' dir='ltr'>sapientia,</span> <span class='ocrx_word' id='word_1_298' title='bbox 1101 4272 1140 4330; x_wconf 88' lang='lat' dir='ltr'>et</span> <span class='ocrx_word' id='word_1_299' title='bbox 1172 4256 1238 4329; x_wconf 86' lang='lat' dir='ltr'>des</span> <span class='ocrx_word' id='word_1_300' title='bbox 1259 4255 1456 4330; x_wconf 74' lang='lat' dir='ltr'>hominem</span> <span class='ocrx_word' id='word_1_301' title='bbox 1473 4258 1514 4330; x_wconf 91' lang='lat' dir='ltr'>in</span> <span class='ocrx_word' id='word_1_302' title='bbox 1532 4260 1608 4331; x_wconf 77' lang='lat' dir='ltr'>rita</span> <span class='ocrx_word' id='word_1_303' title='bbox 1624 4282 1683 4331; x_wconf 91' lang='lat' dir='ltr'>sua</span> <span class='ocrx_word' id='word_1_304' title='bbox 1700 4265 1764 4325; x_wconf 71' lang='lat' dir='ltr'>:tar</span> <span class='ocrx_word' id='word_1_305' title='bbox 1808 4274 1811 4284; x_wconf 91' lang='grc'>·</span> 
     </span>
     <span class='ocr_line' id='line_1_38' title="bbox 476 4346 1811 4453; baseline 0.001 -29"><span class='ocrx_word' id='word_1_306' title='bbox 476 4352 676 4428; x_wconf 79' lang='lat' dir='ltr'>devotidne</span> <span class='ocrx_word' id='word_1_307' title='bbox 702 4346 881 4428; x_wconf 82' lang='lat' dir='ltr'>laetaitur?</span> <span class='ocrx_word' id='word_1_308' title='bbox 912 4356 954 4426; x_wconf 90' lang='lat' dir='ltr'>ln</span> <span class='ocrx_word' id='word_1_309' title='bbox 991 4355 1138 4428; x_wconf 89' lang='lat' dir='ltr'>Christo</span> <span class='ocrx_word' id='word_1_310' title='bbox 1172 4379 1287 4453; x_wconf 82' lang='lat' dir='ltr'>quarn</span> <span class='ocrx_word' id='word_1_311' title='bbox 1316 4355 1348 4427; x_wconf 90' lang='lat' dir='ltr'>si</span> <span class='ocrx_word' id='word_1_312' title='bbox 1377 4354 1521 4429; x_wconf 88' lang='lat' dir='ltr'>diceret</span> <span class='ocrx_word' id='word_1_313' title='bbox 1556 4349 1764 4447; x_wconf 61' lang='lat' dir='ltr'>:tautam</span> <span class='ocrx_word' id='word_1_314' title='bbox 1807 4367 1811 4373; x_wconf 83' lang='lat'>&#39;</span> 
     </span>
     <span class='ocr_line' id='line_1_39' title="bbox 476 4453 1802 4555; baseline 0.003 -32"><span class='ocrx_word' id='word_1_315' title='bbox 476 4453 578 4524; x_wconf 92' lang='lat' dir='ltr'>enim</span> <span class='ocrx_word' id='word_1_316' title='bbox 628 4454 717 4525; x_wconf 88' lang='lat' dir='ltr'>Jesu</span> <span class='ocrx_word' id='word_1_317' title='bbox 768 4478 836 4552; x_wconf 90' lang='lat' dir='ltr'>per</span> <span class='ocrx_word' id='word_1_318' title='bbox 890 4454 1136 4554; x_wconf 73' lang='lat' dir='ltr'>Evangelium</span> <span class='ocrx_word' id='word_1_319' title='bbox 1171 4455 1307 4544; x_wconf 83' lang='lat' dir='ltr'>vitam,</span> <span class='ocrx_word' id='word_1_320' title='bbox 1333 4455 1537 4555; x_wconf 80' lang='lat' dir='ltr'>magnifica</span> <span class='ocrx_word' id='word_1_321' title='bbox 1556 4470 1636 4554; x_wconf 85' lang='lat' dir='ltr'>post</span> <span class='ocrx_word' id='word_1_322' title='bbox 1657 4462 1802 4527; x_wconf 64' lang='lat' dir='ltr'>consffl&#39;</span> 
     </span>
     <span class='ocr_line' id='line_1_40' title="bbox 475 4548 1803 4654; baseline 0.003 -34"><span class='ocrx_word' id='word_1_323' title='bbox 475 4552 555 4646; x_wconf 86' lang='lat' dir='ltr'>ipse</span> <span class='ocrx_word' id='word_1_324' title='bbox 589 4574 657 4623; x_wconf 89' lang='lat' dir='ltr'>nos</span> <span class='ocrx_word' id='word_1_325' title='bbox 691 4552 835 4651; x_wconf 76' lang='lat' dir='ltr'>genuit.</span> <span class='ocrx_word' id='word_1_326' title='bbox 1172 4553 1391 4626; x_wconf 77' lang='lat' dir='ltr'>mationem.</span> <span class='ocrx_word' id='word_1_327' title='bbox 1439 4555 1591 4654; x_wconf 82' lang='lat' dir='ltr'>Driplici</span> <span class='ocrx_word' id='word_1_328' title='bbox 1635 4554 1762 4628; x_wconf 69' lang='lat' dir='ltr'>enimn</span> <span class='ocrx_word' id='word_1_329' title='bbox 1797 4548 1803 4562; x_wconf 76' lang='grc'>’</span> 
     </span>
     <span class='ocr_line' id='line_1_41' title="bbox 475 4650 1761 4744; baseline 0.001 -22"><span class='ocrx_word' id='word_1_330' title='bbox 475 4665 512 4724; x_wconf 78' lang='lat' dir='ltr'>rt.</span> <span class='ocrx_word' id='word_1_331' title='bbox 542 4650 670 4723; x_wconf 71' lang='lat' dir='ltr'>lovini</span> <span class='ocrx_word' id='word_1_332' title='bbox 688 4650 808 4724; x_wconf 83' lang='lat' dir='ltr'>David</span> <span class='ocrx_word' id='word_1_333' title='bbox 825 4675 974 4725; x_wconf 81' lang='lat' dir='ltr'>servum</span> <span class='ocrx_word' id='word_1_334' title='bbox 992 4677 1134 4744; x_wconf 90' lang='lat' dir='ltr'>meum,</span> <span class='ocrx_word' id='word_1_335' title='bbox 1171 4676 1283 4725; x_wconf 85' lang='lat' dir='ltr'>causa</span> <span class='ocrx_word' id='word_1_336' title='bbox 1309 4652 1438 4726; x_wconf 88' lang='lat' dir='ltr'>utilius</span> <span class='ocrx_word' id='word_1_337' title='bbox 1455 4667 1512 4727; x_wconf 85' lang='lat' dir='ltr'>est</span> <span class='ocrx_word' id='word_1_338' title='bbox 1537 4653 1761 4729; x_wconf 70' lang='lat' dir='ltr'>hominumn</span> 
     </span>
     <span class='ocr_line' id='line_1_42' title="bbox 475 4734 1799 4852; baseline 0.001 -34"><span class='ocrx_word' id='word_1_339' title='bbox 475 4734 558 4821; x_wconf 72' lang='lat' dir='ltr'>tileo</span> <span class='ocrx_word' id='word_1_340' title='bbox 584 4763 715 4824; x_wconf 89' lang='lat' dir='ltr'>sancto</span> <span class='ocrx_word' id='word_1_341' title='bbox 746 4776 832 4825; x_wconf 89' lang='lat' dir='ltr'>meo</span> <span class='ocrx_word' id='word_1_342' title='bbox 857 4753 950 4823; x_wconf 79' lang='lat' dir='ltr'>unxi</span> <span class='ocrx_word' id='word_1_343' title='bbox 973 4776 1060 4823; x_wconf 88' lang='lat' dir='ltr'>eum</span> <span class='ocrx_word' id='word_1_344' title='bbox 1084 4761 1132 4823; x_wconf 62' lang='grc' dir='ltr'>ε*</span> <span class='ocrx_word' id='word_1_345' title='bbox 1171 4753 1227 4852; x_wconf 78' lang='lat' dir='ltr'>gis</span> <span class='ocrx_word' id='word_1_346' title='bbox 1274 4753 1467 4826; x_wconf 82' lang='lat' dir='ltr'>memdriae</span> <span class='ocrx_word' id='word_1_347' title='bbox 1513 4751 1658 4826; x_wconf 87' lang='lat' dir='ltr'>laudern</span> <span class='ocrx_word' id='word_1_348' title='bbox 1690 4746 1760 4819; x_wconf 65' lang='grc' dir='ltr'>ἀιπι</span> <span class='ocrx_word' id='word_1_349' title='bbox 1793 4745 1799 4773; x_wconf 83' lang='grc'><strong>“</strong></span> 
     </span>
     <span class='ocr_line' id='line_1_43' title="bbox 473 4845 1761 4952; baseline 0.005 -35"><span class='ocrx_word' id='word_1_350' title='bbox 473 4847 606 4919; x_wconf 85' lang='lat' dir='ltr'>Manus</span> <span class='ocrx_word' id='word_1_351' title='bbox 641 4850 744 4922; x_wconf 89' lang='lat' dir='ltr'>enim</span> <span class='ocrx_word' id='word_1_352' title='bbox 775 4875 862 4923; x_wconf 88' lang='lat' dir='ltr'>mea</span> <span class='ocrx_word' id='word_1_353' title='bbox 896 4845 1139 4924; x_wconf 77' lang='lat' dir='ltr'>auxiliaibitur</span> <span class='ocrx_word' id='word_1_354' title='bbox 1172 4876 1285 4948; x_wconf 90' lang='lat' dir='ltr'>quam</span> <span class='ocrx_word' id='word_1_355' title='bbox 1308 4853 1413 4942; x_wconf 82' lang='lat' dir='ltr'>vitae3</span> <span class='ocrx_word' id='word_1_356' title='bbox 1435 4866 1482 4925; x_wconf 90' lang='lat' dir='ltr'>ut</span> <span class='ocrx_word' id='word_1_357' title='bbox 1506 4853 1572 4926; x_wconf 85' lang='lat' dir='ltr'>itto</span> <span class='ocrx_word' id='word_1_358' title='bbox 1593 4847 1761 4952; x_wconf 70' lang='lat' dir='ltr'>potissim!</span> 
     </span>
     <span class='ocr_line' id='line_1_44' title="bbox 472 4946 1760 5049; baseline 0.002 -32"><span class='ocrx_word' id='word_1_359' title='bbox 472 4946 521 5017; x_wconf 87' lang='lat' dir='ltr'>ei.</span> <span class='ocrx_word' id='word_1_360' title='bbox 544 4953 579 5027; x_wconf 74' lang='lat' dir='ltr'>,i</span> <span class='ocrx_word' id='word_1_361' title='bbox 621 4947 722 5020; x_wconf 85' lang='lat' dir='ltr'>Nihil</span> <span class='ocrx_word' id='word_1_362' title='bbox 753 4950 930 5049; x_wconf 82' lang='lat' dir='ltr'>proficiet</span> <span class='ocrx_word' id='word_1_363' title='bbox 963 4950 1137 5024; x_wconf 89' lang='lat' dir='ltr'>inimicus</span> <span class='ocrx_word' id='word_1_364' title='bbox 1174 4950 1341 5048; x_wconf 72' lang='lat' dir='ltr'>timpore</span> <span class='ocrx_word' id='word_1_365' title='bbox 1371 4951 1509 5026; x_wconf 85' lang='lat' dir='ltr'>me&#39;rita</span> <span class='ocrx_word' id='word_1_366' title='bbox 1533 4947 1711 5026; x_wconf 76' lang='lat' dir='ltr'>sanctititis</span> <span class='ocrx_word' id='word_1_367' title='bbox 1727 4955 1760 5008; x_wconf 70' lang='lat'>⁶⁰</span> 
     </span>
     <span class='ocr_line' id='line_1_45' title="bbox 471 5039 1757 5147; baseline 0 -31"><span class='ocrx_word' id='word_1_368' title='bbox 471 5045 513 5117; x_wconf 89' lang='lat' dir='ltr'>in</span> <span class='ocrx_word' id='word_1_369' title='bbox 539 5069 597 5134; x_wconf 83' lang='lat' dir='ltr'>ec,</span> <span class='ocrx_word' id='word_1_370' title='bbox 628 5060 667 5119; x_wconf 88' lang='lat' dir='ltr'>et</span> <span class='ocrx_word' id='word_1_371' title='bbox 691 5046 793 5121; x_wconf 80' lang='lat' dir='ltr'>filius</span> <span class='ocrx_word' id='word_1_372' title='bbox 817 5049 1028 5147; x_wconf 81' lang='lat' dir='ltr'>iniquitdtis</span> <span class='ocrx_word' id='word_1_373' title='bbox 1059 5075 1135 5123; x_wconf 92' lang='lat' dir='ltr'>non</span> <span class='ocrx_word' id='word_1_374' title='bbox 1173 5049 1302 5138; x_wconf 78' lang='lat' dir='ltr'>tollas,</span> <span class='ocrx_word' id='word_1_375' title='bbox 1333 5049 1488 5147; x_wconf 86' lang='lat' dir='ltr'>quando</span> <span class='ocrx_word' id='word_1_376' title='bbox 1511 5076 1581 5127; x_wconf 88' lang='lat' dir='ltr'>nec</span> <span class='ocrx_word' id='word_1_377' title='bbox 1607 5039 1757 5138; x_wconf 60' lang='lat' dir='ltr'>tandin!</span> 
     </span>
     <span class='ocr_line' id='line_1_46' title="bbox 471 5129 1755 5239; baseline 0.013 -23"><span class='ocrx_word' id='word_1_378' title='bbox 471 5136 624 5217; x_wconf 81' lang='lat' dir='ltr'>noee&#39;bit</span> <span class='ocrx_word' id='word_1_379' title='bbox 665 5146 710 5218; x_wconf 87' lang='lat' dir='ltr'>ei.</span> <span class='ocrx_word' id='word_1_380' title='bbox 749 5147 894 5221; x_wconf 87' lang='lat' dir='ltr'>Manus.</span> <span class='ocrx_word' id='word_1_381' title='bbox 935 5156 1129 5229; x_wconf 85' lang='lat' dir='ltr'>Benedict.</span> <span class='ocrx_word' id='word_1_382' title='bbox 1171 5148 1337 5221; x_wconf 70' lang='lat' dir='ltr'>aduldtio</span> <span class='ocrx_word' id='word_1_383' title='bbox 1371 5149 1545 5239; x_wconf 64' lang='lat' dir='ltr'>mdveat,</span> <span class='ocrx_word' id='word_1_384' title='bbox 1584 5172 1645 5224; x_wconf 74' lang='lat' dir='ltr'>nec</span> <span class='ocrx_word' id='word_1_385' title='bbox 1680 5129 1755 5215; x_wconf 55' lang='lat'>¹²⁰⁶*</span> 
     </span>
     <span class='ocr_line' id='line_1_47' title="bbox 472 5242 1561 5344; baseline 0.01 -30"><span class='ocrx_word' id='word_1_386' title='bbox 472 5242 640 5319; x_wconf 80' lang='lat' dir='ltr'>Christus</span> <span class='ocrx_word' id='word_1_387' title='bbox 675 5245 874 5344; x_wconf 72' lang='lat' dir='ltr'>perpetuae.</span> <span class='ocrx_word' id='word_1_388' title='bbox 1031 5315 1034 5321; x_wconf 76' lang='grc'>,</span> <span class='ocrx_word' id='word_1_389' title='bbox 1173 5263 1252 5321; x_wconf 87' lang='lat' dir='ltr'>tum</span> <span class='ocrx_word' id='word_1_390' title='bbox 1285 5262 1407 5324; x_wconf 86' lang='lat' dir='ltr'>tentet</span> <span class='ocrx_word' id='word_1_391' title='bbox 1439 5250 1561 5326; x_wconf 79' lang='lat' dir='ltr'>elitio.</span> 
     </span>
    </p>
   </div>
   <div class='ocr_carea' id='block_1_3' title="bbox 0 0 2260 6209">
    <p class='ocr_par' dir='ltr' id='par_1_6' title="bbox 0 0 2260 6209">
     <span class='ocr_line' id='line_1_48' title="bbox 0 0 2260 6209; baseline 0 6"><span class='ocrx_word' id='word_1_392' title='bbox 0 0 2260 6209; x_wconf 95' lang='lat' dir='ltr'> </span> 
     </span>
    </p>
   </div>
  </div>
 </body>
</html>
